2144 3502
179 129 434 216 ¹minan
494 110 990 210 oceanus,em

75 274 283 342 Saturnumque
299 265 462 343 Jovemque
478 260 549 322 serat
564 265 738 339 cunstosque
753 262 901 332 Pianetas,

76 336 137 426 Qui
149 344 197 415 fit,
219 356 250 400 ut
262 342 291 400 in
310 351 411 400 centro
431 352 488 398 tarn
503 338 573 400 vasti
586 341 704 399 vorticis
720 342 846 409 haerens,

78 428 177 482 'i'anto
196 431 332 494 praterea
346 427 427 474 motu
439 415 610 477 circumdata
629 417 745 486 Tellus,

37 514 72 555 ns
83 500 152 556 Non
169 497 255 552 eriam
270 491 350 567 super
364 508 417 551 axe
430 489 477 550 suo
497 493 634 551 conversa
654 490 788 550 rotetur?

82 575 110 632 N
115 588 158 627 am
173 571 235 641 vei,
255 571 327 625 utin
343 565 451 637 solidis,
474 581 569 626 motus
588 567 722 628 decrescit
736 564 833 624 eundo

82 648 130 706 Ad
151 658 294 709 centrum
314 642 376 713 vel,
397 645 469 700 utin
485 643 617 718 liquidis,
636 641 701 701 ciam
718 640 810 701 tendit
824 637 861 702 ad
879 654 960 700 orast

82 724 113 782 Si
128 718 223 794 prius;
245 718 388 793 extempio
406 718 505 776 Teiius
523 716 657 777 versatilis
676 719 748 788 iret,

84 795 169 855 Moie
185 794 295 873 quidem
311 794 383 853 Coeii
397 793 489 852 minias
511 795 627 864 acriter,
647 806 768 853 attamen
783 795 838 851 iret

37 867 150 938 resitire
171 871 250 946 super
264 871 401 948 proprio·
421 885 580 944 quanquam
596 869 715 927 statione
736 871 859 935 retenti,

87 949 175 1006 More
193 960 277 1013 rotae3
297 946 400 1005 faciem
418 945 492 1004 Coeii
505 942 690 1022 aspiceremus
704 943 823 1005 eandem

74 1025 218 1098 .Sernper;
239 1024 346 1095 ubique
366 1021 426 1079 dies
442 1033 490 1079 aut
504 1037 563 1080 nox
577 1032 680 1080 aeterna
695 1032 835 1079 maneret:

85 1099 173 1178 Quod
186 1098 205 1156 sr
218 1093 375 1173 posterius}
394 1094 470 1154 soret
488 1095 596 1155 infinita
610 1094 759 1154 movendae
776 1144 779 1148 ,

86 1178 136 1232 vis
150 1178 176 1234 T
177 1189 259 1236 errae;
280 1169 447 1245 Coeiumque
465 1168 493 1226 u
508 1169 592 1229 srdera
608 1170 724 1245 fulguris
739 1170 821 1229 insiar

37 1269 78 1316 345
88 1245 257 1319 Effugerent
270 1244 388 1309 oculos3
406 1246 560 1320 nosterque
574 1246 691 1321 diesque
706 1246 832 1305 redirent

89 1325 175 1381 Hora
190 1331 353 1386 momento:
373 1321 462 1381 veluti
477 1321 593 1380 confusa
607 1322 739 1380 videntur

88 1401 201 1457 Littora
213 1412 277 1453 cum
293 1393 413 1471 Pelago,
433 1395 528 1472 rapide
542 1397 562 1456 sr
575 1409 665 1474 vertat
678 1398 707 1454 in
722 1397 821 1456 orbem

91 1473 243 1547 Navigium
263 1473 384 1541 Boreas,
405 1486 453 1532 aut
469 1490 556 1533 cacus
575 1474 604 1535 in
624 1490 738 1552 equore
759 1486 871 1532 vortex.

130 1626 207 1682 Nae
229 1623 353 1684 satisest.
384 1624 480 1686 Solem
496 1626 571 1686 tanti
586 1628 726 1703 vertigine
742 1623 821 1699 *Coen
976 1690 979 1694 ,

37 1702 276 1776 250Correptum‚
299 1717 360 1776 qua
374 1702 417 1761 vis
436 1701 462 1759 dt
482 1707 518 1761 ab
532 1704 691 1778 AEquatore
703 1705 813 1778 vagari,
891 1712 894 1715 '
920 1761 922 1764 .

92 1781 193 1836 Motus
209 1780 257 1836 ubi
272 1779 442 1843 vehemens,
462 1774 602 1835 &versiae
619 1792 769 1852 utrumque
783 1781 902 1842 viciffim

93 1853 243 1916 Declinare
258 1851 379 1918 Polum,
399 1867 498 1924 quaeve
514 1851 699 1909 inconstantia
718 1853 816 1925 cogit?

92 1931 161 1988 Hac
175 1925 280 1984 etenim
295 1923 374 1981 causi
388 1924 449 1982 fieri
464 1937 586 1998 cogente
599 1927 710 1987 necesse
727 1923 776 1985 est.

94 2003 124 2060 Si
143 2000 262 2076 geminis
284 1999 378 2054 innata
390 1999 467 2056 Poiis
486 2001 649 2076 Magnerica
666 2003 757 2060 ‘virtus

42 2102 86 2146 arr
96 2081 243 2137 Errantem
259 2071 344 2131 trahit
362 2075 388 2130 in
404 2075 562 2150 Tropicos‚
582 2093 632 2137 cur
647 2076 712 2136 inde
725 2081 877 2153 quotannis

96 2150 170 2209 Ciam
189 2147 270 2206 semel
290 2147 453 2209 alterutrum
469 2152 576 2228 tetigit,
598 2169 724 2212 remeare
741 2154 877 2224 jubetur?

95 2223 228 2290 Occlusae
243 2224 407 2299 reperit-ne
422 2225 503 2289 vias?
531 2229 575 2288 sin
589 2227 700 2292 densior
715 2228 791 2302 iilic,

95 2304 165 2380 Qua
177 2301 227 2360 sub
241 2297 398 2361 cardinibus
411 2302 514 2362 Mundi
530 2315 584 2361 tam
599 2303 676 2364 lenta
693 2319 812 2382 putatur

96 2379 249 2447 Materies,
270 2389 347 2436 vetat
362 2377 479 2437 uiteriirs
498 2378 654 2454 procedere
672 2379 795 2444 Solem?

43 2454 197 2520 srouocn
216 2452 296 2520 esset,
316 2457 459 2530 nunquam
480 2468 557 2514 retro
574 2455 650 2517 foret
666 2455 714 2514 iile
728 2458 865 2532 reflexus,
932 2494 934 2511 ι

96 2534 137 2593 Ut
174 2531 211 2591 iia
226 2547 312 2605 quam
327 2529 428 2604 lapidis
443 2529 528 2591 facies
550 2531 659 2595 offensa
673 2542 842 2609 retorquete

94 2609 133 2666 tit
147 2548 240 2667 dnum
257 2605 364 2665 cursum
380 2605 549 2684 deperderet
562 2622 646 2684 atque
660 2607 811 2686 gradatim,

96 2683 212 2755 Semper
231 2680 267 2741 ed
282 2682 401 2742 tendens
415 2682 473 2758 qud
486 2684 604 2760 primimr
620 2685 737 2749 tendere
750 2689 853 2761 erepit,

97 2756 198 2838 Donec
212 2773 276 2815 eum
292 2772 433 2832 premeret
451 2760 565 2820 tandem
585 2761 668 2839 sopor
682 2772 768 2833 atque
782 2778 942 2830 veternus..
972 2814 983 2828 ..

47 2832 160 2896 ,escen
179 2831 329 2904 perhibent
348 2834 434 2910 vulgi>
449 2837 514 2897 coeii
530 2837 694 2897 decrescere
711 2847 834 2910 motum,

98 2905 167 2988 Qud
179 2909 266 2980 magis
279 2911 315 2964 ad
328 2909 397 2971 fines
413 2915 505 2988 magni
523 2915 704 2991 protenditur
724 2915 784 2973 axis

138 3059 244 3124 Huic
264 3073 356 3135 nouus
375 3061 487 3145 iliorum
506 3063 599 3130 subito
614 3064 641 3126 se
659 3063 769 3142 detegit
782 3084 872 3139 error.
917 3039 982 3199 'R

975 3161 1034 3199 'ma
