2144 3502
257 106 866 197 annuncio
998 62 1051 188 n

76 272 289 372 conseripsit.
336 271 419 343 Hoc
433 268 584 364 primum
599 269 666 343 suit
683 270 857 345 Poematis
871 274 1044 365 rudimen·

73 393 161 448 tum.
214 367 297 444 Post
317 387 461 466 quatuor
485 391 594 443 annos
617 370 787 443 Lutetiam
812 371 966 447 reversus
997 370 1044 449 de

68 472 115 544 iis
145 492 224 565 quaa
244 466 363 539 chartis
397 467 646 556 mandaverat,
674 491 756 541 cum
783 465 1042 544 Malebratrchio

71 564 392 660 Metaphysrcorum
416 565 575 660 principe
596 564 883 640 communicavit.
941 568 971 640 ls
999 565 1040 641 δι

73 662 286 761 propositum
305 664 439 756 operis,
457 661 495 736 du
511 664 618 762 magis
631 667 736 737 etiam
753 689 841 758 opus
856 663 967 760 ipsum
980 665 1041 738 ad.

70 763 235 848 miratus,
268 758 428 857 quadam
457 780 573 834 tamen
606 760 853 857 reprehendit:
885 760 921 834 id
944 763 1039 836 enim

70 859 208 956 impune
234 857 360 934 licebat
390 856 484 952 apud
504 881 606 951 eum,
639 860 702 958 qui·
719 860 853 949 moneri
876 861 910 934 se
957 859 1039 934 uim

68 957 198 1031 laudari
222 958 368 1032 mallet:
402 954 441 1030 u
463 979 508 1030 ex
540 956 815 1052 perspicaciliimi
839 957 910 1033 Phil
951 957 1038 1054 ophi

26 1054 29 1059 ’
63 1056 224 1143 monitis,
247 1055 430 1144 nonnulla,
446 1054 564 1129 auctor
579 1056 671 1153 ipse,
690 1056 898 1132 emendavit.

111 1152 328 1228 viarm
372 1172 453 1227 tunc
478 1157 643 1251 temporis
670 1153 849 1250 disciplina
881 1152 1033 1228 cartem

62 1252 169 1327 Hanc
186 1250 399 1341 Poliniacus,
425 1253 506 1326 dom
520 1255 669 1350 primam
685 1249 913 1348 Philosophiae
928 1274 1035 1326 aava·

61 1372 114 1448 rer
132 1373 276 1444 opera-m
294 1349 507 1440 adolescens,
525 1354 560 1425 in
573 1350 704 1424 scholas
722 1347 1035 1432 advenientemvi-

60 1449 180 1537 derat;
206 1450 296 1521 hanc
318 1448 390 1544 ipse
415 1450 568 1524 alacriter
589 1468 773 1546 exceperat
795 1444 888 1536 sinu,
921 1447 1033 1523 adhoc

60 1543 270 1647 bplerisqoe
293 1546 331 1622 δι
355 1546 375 1620 a
400 1544 564 1645 magistro
584 1548 693 1622 etiam·
712 1544 771 1622 suo
794 1543 1034 1642 repudiatam,

60 1668 101 1718 ac
119 1645 255 1740 publica
279 1644 506 1742 disputatione
527 1645 639 1719 fuerat
658 1644 882 1743 magiaricum
899 1643 1032 1742 ingenii

58 1743 159 1817 laude
181 1761 317 1818 tutatus.
353 1742 441 1816 Eam
461 1744 564 1840 igitur
579 1741 671 1841 quast
687 1743 831 1818 filiolam
846 1743 940 1818 suam
958 1764 1030 1817 arn·

58 1839 283 1936 plexabator:
333 1845 482 1937 cumque
510 1866 556 1917 ex
583 1840 729 1921 Cartesri-
746 1841 912 1915 sententia
935 1841 1030 1914 suam

57 1937 131 2029 ipse
148 1937 348 2010 sententiam
364 1937 568 2030 institueret,
585 1940 828 2015 celeberrimos
844 1938 949 2013 atatis
960 1940 981 2012 s
976 1961 1029 2012 oar

59 2031 273 2108 Cartestanos
293 2033 475 2125 consuluit,
489 2061 573 2134 quos
587 2037 746 2111 familiari
771 2059 851 2111 cum
862 2038 1028 2133 ipsocon·

57 2130 405 2230 suetodlaej'unaerat
420 2133 599 2211 consensio
615 2134 816 2211 studiorum.
861 2134 1028 2209 Adhibuit

55 2229 160 2307 etiam
176 2233 286 2308 Bolaei·
300 2232 450 2308 censoris
467 2257 585 2320 aures,
609 2253 734 2309 teretes
760 2234 834 2306 illas
851 2230 891 2306 dt
913 2232 1027 2326 super-

54 2332 130 2406 bar:
156 2330 186 2405 is
207 2329 246 2407 ὅι
264 2333 446 2408 annotavit
461 2335 636 2433 qttaedam3
662 2334 700 2410 dt
722 2330 920 2412 universum
938 2332 1026 2406 Poe*-

53 2454 141 2518 ma,
175 2432 269 2528 quod
299 2432 403 2506 vatiir
435 2434 647 2530 temporibus
673 2433 847 2530 perlegit,
890 2430 1027 2528 prorsus

52 2530 258 2605 consonum.
278 2527 348 2605 elle
371 2529 547 2625 judicavit
577 2530 791 2626 incorrupte
821 2530 1023 2626 antiquitati

52 2628 211 2724 Denique
234 2629 326 2703 haud
339 2629 412 2704 sere
427 2653 636 2726 quemquam
653 2631 819 2725 praeteriit
834 2628 1025 2706 Poliniacus

53 2745 112 2799 aut
126 2725 311 2818 doctrino,
322 2745 380 2802 aut
397 2728 524 2826 ingenii
541 2727 641 2804 laude
657 2734 833 2828 cognitum
849 2724 908 2800 srbi
919 2784 929 2817 ,
941 2729 1024 2828 quin

54 2823 145 2918 ejus,
172 2825 252 2898 cum
268 2827 413 2901 facultas
431 2828 506 2902 tulit
512 2881 525 2918 ,
552 2828 716 2923 judicium
731 2824 988 2920 periclitaretur.

102 2921 163 2992 Ex
195 2924 336 3016 privatis
363 2925 545 3000 doctorum
575 2926 757 3000 hominum
781 2928 961 3024 colloquiis
988 2928 1024 2999 in

50 3014 178 3098 Aulam
205 3018 360 3100 celeriter
386 3025 657 3108 santi-Lucretii
680 3022 782 3196 {³2¹}
801 3023 1021 3197 perlathealti.

978 3274 1064 3395 .t
