2144 3502
55 56 138 119 xxtt
244 31 840 125 PRAEFATIO.

56 201 171 281 secum
188 226 350 306 magnam
366 201 525 293 virtutis,
545 201 787 307 humanitatis,
811 212 962 290 scientia
978 218 1064 294 lic-

57 324 273 404 terarumque
296 305 427 378 famam
450 305 629 395 attulerat,
656 304 781 403 ubique
797 313 933 414 reliquit
957 341 1037 389 am.

57 400 213 496 pliorem.
263 400 379 496 Hujus
405 400 615 476 limatiffitno
636 403 796 500 judicio,
832 414 925 510 quod
946 415 1030 491 olim

24 512 27 520 '
54 499 130 599 ipse
145 498 332 578 Cardinalis
356 501 390 573 in
411 522 517 597 opere
544 501 766 578 conficiendo
792 512 1028 605 perspexerat,

54 598 94 677 in
119 602 244 677 eodem
269 595 457 693 digerendo
481 599 672 693 plurimbm
698 601 773 676 usus
798 601 849 676 est
871 609 1054 686 Rotheli..

52 723 129 774 nus.
183 695 381 797 Quinetiam
414 721 649 797 quoscumque
673 719 845 790 noverat,
889 711 944 819 qui
971 725 1030 783 aut

50 796 96 871 de
122 796 223 869 rebus
246 791 347 892 ipso,
373 813 431 870 aut
453 795 498 872 de
515 799 658 896 poe‘seos
682 797 877 896 praestantib
896 807 1030 896 judica·

50 919 90 970 re
137 892 266 982 offent,
291 917 351 967 eos
377 917 520 986 ornnes,
553 920 640 994 quos
665 899 796 991 potuit,
834 899 941 970 modd
957 905 1027 977 adi·

52 1017 92 1068 re
106 919 276 1090 llngulos,
303 993 410 1066 tnodd
435 1017 650 1091 congregare
672 995 808 1090 plures3
834 995 1026 1070 recitando·

52 1114 122 1193 que
140 1093 305 1165 Poe'mate
325 1115 445 1165 eorum
469 1092 670 1166 sententiam
695 1091 897 1187 explorare:
924 1117 1026 1192 quarn

53 1189 180 1266 deinde
197 1191 313 1266 secum
329 1189 399 1286 ipse
415 1187 598 1287 diligenter
620 1192 856 1285 expendebat,
883 1217 927 1268 ne
945 1195 1027 1290 quid

28 1287 344 1384 ·ve1pertinacit‚
370 1287 427 1360 vel
451 1287 614 1383 obsequio
637 1310 809 1383 peccaret.
857 1292 938 1366 Hos
954 1313 1026 1366 tarn

51 1388 184 1461 multos
201 1388 380 1460 nominare
399 1387 542 1482 longum
565 1384 665 1476 effet,
693 1390 815 1483 partim
836 1410 895 1467 aut
918 1392 1026 1486 splen·

51 1485 139 1560 dore
161 1485 336 1576 honorum
358 1483 609 1575 maximorum,
636 1506 695 1559 ant
718 1487 905 1562 litterarum
920 1491 1026 1564 titulis

48 1584 123 1682 jam
140 1580 310 1680 insignes3'
336 1586 462 1695 partim
478 1585 518 1657 ea
542 1583 726 1676 modestia,
753 1606 888 1684 ut'com
903 1612 948 1663 eo
967 1587 1025 1685 qui

52 1683 199 1756 nomina
213 1703 332 1755 eorum
352 1679 510 1770 eflerret,
545 1680 619 1757 ferd
643 1682 852 1781 proditionis
873 1704 1028 1784 agerent.

53 1781 267 1877 supererant
291 1777 399 1856 etiarn
419 1780 543 1876 pauci,
568 1805 681 1878 neque
695 1781 741 1856 illi
757 1784 895 1880 quidem
914 1782 1026 1859 infimi

53 1879 143 1954 inter
157 1877 310 1952 eruditos
325 1877 475 1968 ordinis,
500 1880 620 1978 quibus
636 1880 740 1953 Anti·
753 1882 955 1958 Lucretium
971 1905 1024 1956 re·

52 1978 163 2069 citare
180 1976 217 2049 in
232 1973 350 2050 animo
377 1975 545 2051 habebat:
596 1999 717 2048 uorum
730 1980 890 2054 omnium
906 1978 1024 2054 suffra·

54 2076 142 2173 giis,
169 2074 260 2172 quod
283 2072 405 2149 amicit
431 2075 519 2173 saepe
542 2001 743 2148 tellificatus
766 2074 838 2163 est,
864 2077 1026 2153 ultimum

76 2174 146 2249 uasr
170 2172 340 2267 pontium
363 2173 487 2246 addere
511 2170 713 2246 decreverat
728 2170 800 2267 ejus
825 2172 1026 2251 sententiam

93 2271 164 2361 iri,
199 2288 365 2366 quem·ut
388 2271 560 2344 summum
580 2267 669 2366 juris
700 2266 736 2343 in
758 2267 865 2344 Gallia
888 2269 1025 2348 dicundi

50 2371 338 2456 moderatorem,
372 2368 418 2442 ita
450 2366 645 2463 supremum
677 2366 717 2444 dt
743 2366 1025 2461 severiffimarurn

50 2471 177 2546 artium
199 2465 419 2564 &politioris
443 2464 665 2542 humanitatis
685 2464 840 2566 judicem
857 2488 1023 2561 noverat3

53 2571 90 2644 in
112 2592 181 2665 quo
206 2567 296 2642 Viro
312 2566 396 2638 clun
413 2571 550 2657 omnia,
576 2587 651 2665 quae
668 2567 759 2664 apud
782 2585 925 2640 caeteros
941 2593 1024 2665 quos

54 2668 202 2756 adierat,
226 2662 373 2740 collecta
387 2664 421 2737 in
440 2688 546 2738 unum
561 2666 691 2761 ingenii
708 2687 749 2739 ac
764 2665 937 2764 sapientiae
951 2667 1025 2743 sub·

53 2765 138 2839 fidia
169 2785 384 2858 reperturum
410 2763 444 2838 se
468 2764 709 2862 intelligebat,
743 2784 818 2838 tum
844 2767 1027 2842 amantiffi·

53 2886 150 2939 marn
164 2861 368 2955 Cardinalis,
404 2884 509 2962 quern
532 2861 588 2936 ille
613 2863 817 2939 cariffimom
840 2863 1027 2955 habuerat,

55 2959 345 3041 recordationem.
395 2963 430 3038 Is
456 2958 736 3056 Anti-Lucretio,
761 2985 864 3063 quem
888 2963 925 3040 in
946 2963 1028 3135 ipsis

389 3082 392 3087 ’
515 3085 521 3091 ’
943 3079 1027 3134 orm
