2144 3502
236 149 453 217 rinna
517 149 764 214 nonus
823 142 965 228 *ru

53 294 128 354 Nam
141 288 259 367 propior
273 288 415 358 maiorve:
437 277 519 345 nimis
534 283 724 345 contunderet
744 297 841 352 auras;
927 278 931 285 '

56 370 165 429 Oceani
179 365 285 427 vallum
300 364 422 439 graviori
440 365 570 440 pondere
589 377 692 437 corpus

28 434 256 522 i&opprimerem
276 440 426 514 fluitlisque
443 457 539 499 means
558 439 737 498 incumberet
751 432 844 494 undis.

58 525 118 583 lllae
132 521 256 579 Telluris
268 520 359 592 ripas,
381 533 553 592 camposque
567 533 619 592 per
635 530 734 573 omncs

58 596 152 659 Attius
167 593 259 653 effusae
276 603 409 662 ruerent,
431 599 507 651 omni
522 605 622 667 aggere
634 601 719 666 rupto

59 675 161 735 aerias
179 685 272 730 cautes
285 666 312 726 dt
324 669 522 744 promontoria
534 667 590 726 late

62 751 253 822 obtegerent;
274 745 406 805 immensa
420 743 499 820 palus
515 746 637 802 abeunte
652 752 798 802 manerent

28 832 52 882 ⁶5
60 825 208 892 Proinde,
229 823 334 880 rursum
348 837 415 880 mox
432 820 519 879 essent
532 822 626 878 omnia
638 833 762 896 pontus:

62 901 213 961 Praesertim
229 899 316 958 furva
329 895 393 956 ciam
413 909 508 955 cetera
523 894 661 954 concolor
679 896 784 954 umbre

63 978 142 1035 Luna
159 991 257 1046 recens
270 974 385 1032 limbum
399 971 521 1031 nascenti
536 971 641 1030 lumine
657 972 759 1046 figmat,

64 1055 122 1111 Aut
138 1051 186 1110 ubi
197 1052 254 1124 jam
268 1051 328 1107 tori
344 1049 485 1108 radiorum
502 1047 645 1124 aspergine
658 1046 789 1122 fulgens,

63 1130 175 1187 Plenior
195 1126 316 1186 ostentat
331 1127 487 1183 maculosos
502 1126 606 1184 aethere
619 1124 729 1182 vultus:

29 1207 147 1265 rorone
163 1203 267 1261 etenim
282 1201 383 1275 pelago
400 1200 426 1258 dt
440 1202 536 1259 Terris
551 1198 699 1258 onerosior
715 1199 803 1259 inllat.

62 1280 169 1354 Sapius
185 1279 291 1334 interea
305 1277 400 1336 Solem
417 1277 571 1336 occultaret
588 1275 724 1342 amicum,

62 1352 366 1428 Noilroque‘ingentes
381 1355 510 1412 tenebras
524 1351 687 1410 offunderet
700 1351 781 1412 Orbi.

64 1429 160 1489 Altior
171 1441 219 1487 aut
232 1429 488 1505 minorserriguam
504 1430 586 1486 nimis
601 1427 728 1500 undique
743 1429 835 1487 iucem

65 1504 227 1582 spargerem
249 1521 396 1579 aequoreos
412 1507 460 1564 vix
475 1505 611 1564 lamberet
625 1500 710 1562 ardna
725 1504 838 1568 fludust

29 1603 55 1648 75
66 1582 122 1641 llut
135 1583 205 1641 nihil
221 1594 269 1640 aut
286 1581 387 1640 leviter
402 1581 521 1658 pretias,
544 1583 593 1659 qui
609 1578 733 1638 subditur
745 1585 796 1642 adt

64 1658 154 1718 Staret
168 1661 258 1727 iners;
283 1657 420 1733 nulloque
433 1660 515 1716 maris
534 1670 602 1716 tunc
617 1655 693 1712 ebria
710 1672 790 1717 motu

62 1735 186 1795 Plurima
203 1753 265 1811 quae
278 1735 371 1808 paffim
389 1736 533 1791 terebrant
543 1730 676 1806 spiracula
690 1733 825 1802 Terram,

62 1811 148 1870 Haud
162 1827 286 1886 unquam
304 1811 418 1878 injellos
430 1807 541 1881 possent
560 1803 670 1862 haurire
686 1804 827 1880 liquorem

62 1886 150 1945 Unde
163 1885 299 1953 scaturigo
315 1882 483 1946 fluviorum,
505 1880 532 1936 dt
546 1878 671 1937 sontibus
685 1881 765 1937 almis
866 1924 872 1935 .

28 1964 220 2034 tol’erpetuus
234 1959 316 2030 vigor
330 2000 338 2023 ‚
359 1955 478 2013 aeduici
492 1955 534 2013 vis
548 1954 633 2011 indita
648 1953 780 2030 lymplrae3

66 2039 157 2115 Quam
174 2050 224 2107 per
241 2030 372 2089 arenosos
386 2043 529 2106 purgatam
543 2027 597 2088 rire
612 2031 743 2102 canales,

67 2115 110 2171 Ae
124 2108 178 2167 sale
191 2105 321 2179 decusso,
341 2105 434 2166 reddit
444 2105 544 2184 procul
564 2122 677 2183 aequore
693 2107 802 2171 'sellus

105 2262 277 2335 Namque
292 2274 347 2334 ego
359 2276 418 2319 non
432 2261 542 2321 credam
555 2261 658 2321 fluvios
672 2279 708 2324 ex
723 2263 857 2339 imbribus
872 2280 971 2327 omnes

68 2337 184 2409 Enasci:
204 2352 364 2411 quanquam
378 2339 472 2396 multis
491 2345 526 2396 ea'
539 2337 631 2397 forsan
646 2341 729 2412 origo
841 2401 844 2405 ,

34 2434 59 2485 ⁸5
70 2413 206 2472 Fontibus
221 2410 277 2470 esse
291 2411 399 2487 potest,
421 2430 494 2488 quos
508 2412 617 2472 fervida
630 2413 738 2490 dillipat
755 2413 846 2487 estas,

69 2490 142 2549 Clam
156 2486 240 2548 semel
255 2489 355 2548 exallit
370 2499 482 2566 campos
497 2491 678 2564 penetrabilis
693 2491 793 2561 ardor,

68 2569 106 2626 Et
124 2563 255 2641 pluvialis
270 2581 349 2639 aqua
360 2582 446 2623 venas
462 2565 588 2624 exhaust
602 2566 707 2628 inanes.

68 2643 107 2700 rit
120 2643 174 2699 rivi
189 2639 308 2700 multirm
324 2639 364 2697 est
376 2643 450 2700 ratio
465 2641 571 2701 diversa
586 2645 733 2716 perennis,

70 2718 162 2849 &uem
176 2734 235 2774 non
249 2714 335 2775 aellivi
351 2713 437 2784 soles,
458 2734 516 2776 non
534 2716 640 2777 torrida
655 2719 728 2777 Coeli

32 2821 62 2862 ,ο
95 2808 168 2863 ona,
189 2809 243 2851 nec
257 2803 369 2850 urentes
382 2791 495 2867 poliunt
509 2794 653 2852 absumere
667 2795 766 2855 remia

70 2866 192 2925 Plurima
205 2867 269 2926 eiam
282 2865 377 2925 medio
391 2868 418 2926 se
430 2871 552 2942 prebeat
566 2869 650 2926 insula
664 2885 770 2945 ponto,

66 2941 133 3076 gali
145 2945 230 3002 micat
245 2943 273 3000 in
287 2943 409 3002 flammas
422 2944 579 3002 ferventior
598 2946 688 3002 orbim
704 2948 797 3018 Solis,

100 3019 170 3078 ullus
183 3018 232 3078 ubi
244 3019 332 3089 cadit,
354 3031 401 3078 aut
414 3020 491 3080 certe
506 3019 674 3094 parcissimus
690 3024 795 3098 imber,

65 3096 103 3155 lit
118 3105 209 3156 tamen
223 3093 322 3173 irrigui
335 3095 429 3155 sontes
450 3113 500 3172 per
518 3112 627 3155 amoeaa
642 3095 732 3158 vireta
