2144 3502
213 119 216 128 ¹
256 120 296 200 P.
336 122 371 198 R
420 118 464 194 AE
512 118 545 193 F
584 121 621 194 A
660 73 777 227 ’ᾹΤᾎχιΙ
826 120 866 198 O.
992 146 1060 207 xlx

72 288 269 367 Christiano
295 282 483 371 morienti,
517 279 710 379 respeoare
732 283 905 384 paulisper
927 285 1051 362 ioetum

72 388 167 463 hunc
185 388 308 471 suum,
333 382 387 477 qui
405 380 590 479 praesertim
611 380 800 457 coelestium
821 406 954 477 rerum,
974 387 1048 482 qoi-

69 487 134 560 bus
154 487 229 582 jam
253 482 386 578 propior
407 499 501 568 etat,
528 477 913 578 imaginemobjiceret.
952 485 1047 559 Cium

69 584 175 679 igitur
201 577 358 655 affeiium
378 577 505 652 umore
542 600 670 674 corpus
696 579 735 653 in
755 581 858 655 cubili
884 580 1045 672 vorsant,

70 679 159 752 nihil
182 682 318 777 usquam
337 676 526 751 levamenti
547 675 752 767 inveniret,
785 696 906 754 mente
930 677 1045 756 adhuc

68 778 218 874 integer,
243 775 441 850 recordatus
455 771 506 848 est
521 775 714 852 carminum
735 776 863 876 aliquot
884 778 1046 868 suorum,

68 874 185 974 quibus
204 875 310 951 Libro
333 874 449 968 primo
471 872 569 946 versu
597 895 717 968 1047,
754 895 980 974 aegroraotem
1006 899 1042 950 a·

65 974 197 1057 nimum
217 972 257 1048 &
272 994 390 1048 rerum
403 969 618 1061 terrestrium
639 974 803 1069 cupidine
813 974 984 1072 jactatum
999 997 1043 1048 ac

62 1095 231 1170 nusquam
257 1070 490 1168 quiescentem
508 1091 590 1143 cum
610 1094 703 1168 aegro
730 1095 878 1171 corpore
897 1094 1043 1168 compa·

61 1190 123 1245 rat.
159 1171 240 1243 Hos
259 1169 388 1243 scilicet
405 1169 542 1260 versus,
568 1167 742 1245 &omnis
763 1171 957 1246 litteraturae
980 1193 1041 1266 pe-

60 1267 167 1359 ritus,
195 1266 235 1340 ἃ
250 1267 287 1339 in
302 1266 419 1342 Italica
434 1265 694 1358 versatiliimusl,
720 1267 876 1344 imitatus
898 1290 971 1346 erat
993 1289 1040 1343 ex

59 1364 113 1440 luis
134 1365 266 1468 egregii
279 1367 396 1440 Pot't'tae
412 1366 534 1441 Dantis
560 1364 582 1410 *
607 1365 778 1464 Alighieri
794 1365 967 1461 versibus,

211 1551 226 1566 ·
245 1551 256 1566 ·
275 1552 286 1566 ·
306 1553 317 1564 ·
337 1517 501 1598 Simigliante
519 1539 536 1579 a
557 1522 647 1598 quello’
666 1517 770 1598 nfirma

214 1595 267 1655 Che
286 1613 337 1655 non
357 1599 406 1672 pol
425 1609 518 1656 rtouor
536 1595 593 1675 posu
612 1599 642 1655 in
651 1595 689 1675 su
707 1599 731 1655 le
748 1599 872 1673 plumes
905 1620 909 1625 ·

209 1673 264 1734 Ma
282 1691 328 1732 rm
347 1674 395 1732 dor
416 1676 488 1734 volta
498 1669 550 1753 suu
569 1674 653 1734 dolore
665 1671 792 1754 salerno.

57 1803 132 1881 Hic
162 1823 280 1879 autem
306 1804 327 1878 'a
354 1805 465 1879 multo
497 1805 632 1880 acriore
663 1805 857 1905 magistro,
894 1805 1036 1904 proprio

54 1901 152 1977 sensu
173 1901 352 1988 incitatus,
378 1903 535 1977 eamdem
558 1902 759 1979 sententiam
779 1901 952 1994 versibus,
979 1927 1035 1980 ce·

56 2000 143 2071 cinit
175 1997 304 2094 aliquot
336 2000 600 2096 pulcherrimis,
642 2025 729 2098 quos
761 2004 782 2077 *a
812 1999 1036 2077 familiaribus

57 2095 278 2194 quibusdam,
305 2097 362 2197 qui
380 2099 541 2191 aderant,
558 2119 736 2196 exceptos
757 2125 801 2176 ex
818 2123 943 2176 eorum
959 2121 1035 2179 me-

56 2194 169 2269 morii
192 2193 323 2272 delevit
346 2195 468 2289 dolor,
503 2197 748 2294 praeter'hunc
769 2199 930 2275 ultimum
948 2194 1033 2274 Vir-

55 2293 183 2393 'gillano
199 2293 327 2370 affeilu
351 2295 544 2390 imbutum,

55 2469 58 2474 ·
172 2446 309 2532 'Qoufiot't
318 2444 405 2523 struto
425 2453 552 2529 requiem,
574 2453 752 2532 ingemuitque
767 2454 876 2556 negari.

53 2570 131 2652 Fuit
145 2577 221 2653 haec
236 2577 379 2655 facundi
397 2582 504 2672 ienis,
523 2601 559 2657 ut
576 2583 684 2660 Tullii
700 2582 923 2672 verbiuuta'r,
938 2580 1031 2681 quali

54 2695 188 2772 cygnea
211 2701 310 2767 vox3
343 2701 387 2752 ac
409 2681 513 2779 paulo
538 2679 618 2775 post
644 2682 665 2757 fa
689 2706 802 2758 rerum
831 2677 1030 2757 divinarum
1062 2770 1065 2779 .

55 2777 349 2872 contemplatione
364 2778 407 2853 ad
423 2805 476 2855 res
489 2780 576 2890 ipsas
589 2780 819 2883 'perfruendas
835 2781 1002 2960 euolaqqt.

95 3046 244 3124 *Dantem
265 3052 375 3135 Purgat.
398 3057 489 3121 Canto
509 3071 554 3127 6⁰.-
655 3051 663 3078 ⁵
695 3108 698 3114 ·

648 3136 746 3233 ”4
