2144 3502
51 154 149 214 mv
257 62 935 209 rnararros

50 294 187 372 caeteris
208 297 392 394 collegerat
413 290 496 364 cum
524 313 684 365 nummos
706 295 886 394 antiquos,
919 297 1025 393 qu'am

53 394 241 473 multos&
265 389 456 487 elegantes!
484 409 558 463 tum
583 389 794 468 lautiffimam
810 395 1025 492 suppellecti-

54 492 124 568 lem
148 494 332 578 librorum,
358 487 479 582 quibus
507 486 768 562 commodandis
792 517 861 568 non
887 495 1021 584 mimis,

53 592 159 690 qu'am
174 587 328 687 legendis
343 583 591 662 deleilabatur.
635 585 814 661 inoffenso
829 594 910 666 vitae
923 590 1022 667 cursu
1052 677 1054 680 ,

54 692 97 767 ad
118 709 267 772 metam,
302 682 461 782 quamvis
483 685 577 773 cito,
603 703 719 759 tamen
741 685 875 778 placide
896 711 1022 784 prove·

54 788 149 874 uus,
174 785 210 859 in
248 783 355 880 longo
387 787 507 858 mortis
529 783 675 881 segniter
699 784 917 859 adventantis
940 810 1020 880 pro·

53 883 169 982 speon
179 936 190 973 ‚
217 883 312 956 nullo
330 882 408 971 suo,
433 903 561 979 magno
574 881 612 957 dc
627 880 760 954 illustris
779 880 916 955 familiae
931 883 970 956 dc
985 910 1021 960 a·

53 984 227 1056 micorum
245 980 397 1078 gemitu,
421 985 547 1055 acerbo
564 979 702 1075 quidem
719 980 812 1068 fatu,
840 997 875 1052 at
888 985 1023 1056 aeterni-

55 1079 118 1156 tati
132 1100 283 1154 maturus
298 1075 469 1152 extinctus
484 1075 557 1165 est3
568 1096 735 1172 perpetuo
749 1077 917 1151 virtutum
926 1073 1024 1149 Chri·

56 1176 244 1254 stianarum
260 1196 400 1268 tenore,
429 1175 500 1250 fine
518 1173 852 1266 autumnatione,
879 1173 941 1249 fibi
960 1196 1023 1270 per

57 1277 177 1352 omnia
201 1275 318 1350 similis
333 1273 372 1349 dc
389 1271 570 1361 constans3
594 1272 691 1370 cujus
708 1274 885 1372 supremus
900 1273 971 1348 dies
987 1275 1023 1349 id

46 1399 166 1464 ‚unum
190 1374 320 1472 inligne
333 1372 471 1463 habuit,
497 1370 588 1470 quod
604 1371 667 1470 ipsr
684 1373 786 1447 fuerit
801 1371 895 1448 recle
913 1371 1025 1446 fatto-

56 1497 134 1556 1um
150 1475 296 1549 ultimus.
348 1472 486 1547 Verum
501 1471 635 1546 suarum
653 1472 792 1547 laudum
809 1490 847 1544 ut
863 1470 1026 1550 intimum

56 1571 200 1660 testem,
233 1568 282 1642 fic
303 1570 477 1665 optimum
499 1568 720 1664 interpretem
747 1569 864 1643 habuit
890 1568 1026 1643 clarissi-

57 1691 155 1744 mum
173 1669 302 1745 Virum
318 1671 495 1743 Freretum
512 1669 552 1760 *,
574 1667 672 1763 cujus
688 1669 744 1742 ille
760 1668 966 1764 probitatem
983 1689 1025 1741 ac

53 1768 167 1846 iidem
185 1788 253 1842 non
270 1767 403 1856 minim,
419 1765 525 1939 guam
538 1766 741 1840 immensam
756 1765 847 1862 pene
862 1765 1026 1839 eruditio·

59 1889 143 1942 nem
160 1864 271 1944 fuerat
288 1865 416 1961 conjun
454 1864 1023 1960 illimineceffitudineprosecutus.

45 2055 47 2060 ‚
112 1969 200 2040 Suu
240 1987 285 2038 ne
315 1984 387 2051 tam
417 1963 587 2038 diuturnae
621 1962 869 2059 exlpedlationi
910 1984 1025 2036 moras

58 2065 164 2139 etiam
179 2061 304 2140 addere
321 2060 455 2161 longior
469 2061 627 2137 Praefatio
640 2063 815 2151 videatur,
833 2081 1025 2156 paucatan·
1045 2106 1048 2110 <

61 2165 138 2238 tum
151 2161 390 2260 subjicientur,
415 2181 491 2256 quae
508 2157 602 2236 nolle
616 2180 731 2256 operae
744 2160 892 2254 pretium
907 2157 968 2231 est.

110 2360 153 2432 10.
179 2355 245 2428 Ex
268 2357 374 2429 Libro
399 2375 520 2444 nono,
554 2353 613 2429 ubi
636 2352 790 2451 Scriptor
810 2351 1026 2445 lampadem,

62 2477 103 2532 ut
119 2454 168 2529 ait
181 2452 274 2550 ipse,
300 2450 504 2546 praeferens,
533 2452 717 2528 Leelorem
731 2452 768 2524 in
790 2470 890 2546 terrae
908 2451 1028 2526 maris·

62 2580 130 2654 que
145 2550 329 2627 visceribus
346 2549 602 2627 circumducere
614 2551 651 2626 in
669 2551 785 2625 animo
798 2547 966 2637 habebat,
990 2567 1029 2624 ut

33 2749 35 2757 Ι
62 2655 112 2730 ibi
140 2671 278 2746 quoque
301 2647 425 2721 summi
445 2649 597 2726 Artificis
621 2671 763 2724 manum
794 2644 1028 2744 deprehende·

955 2768 1027 2840 ret,

47 2940 51 2947 ·
104 2910 122 2950 ¹⁸¹
148 2910 241 2985 Eloge
263 2907 298 2970 de
323 2907 471 2970 Monfieur
493 2880 607 2968 l’Abbe'
627 2929 673 2970 nn
700 2913 932 2982 Rornnuru,
965 2927 1033 2984 pto·

18 3026 24 3041 ι
65 2989 163 3050 monce
182 2987 250 3045 dans
270 2988 442 3049 l'Academle
468 2987 580 3064 Royale
600 2985 649 3047 des
672 2990 852 3070 inscriptions
874 2989 901 3048 dt
923 2991 1027 3052 Belles·

68 3067 199 3139 netues,
220 3079 271 3141 par
284 3065 330 3127 M.
349 3064 454 3127 Frdret.

18 3231 93 3327 l*
