2144 3502
262 155 482 219 trouu
540 125 897 236 q'uaunus.
984 160 1038 219 ιη

73 290 203 352 rtoNare
216 289 298 362 sagax
313 287 402 364 longo
421 285 547 363 sequitur
561 281 678 360 vestigia
691 284 795 352 nastu,

121 367 181 428 Etsi
196 380 297 427 omnes
313 364 412 423 ardore
431 363 505 436 pari,
524 376 620 423 tamen
637 377 708 419 unus
723 358 751 418 dc
764 358 834 416 aiter
857 430 863 442 .

120 439 319 511 Antemnae,
338 438 519 513 sternuntque
533 438 641 509 seram,
661 437 843 507 lacerantque
853 441 993 501 jacentem

120 516 282 576 Dentibus:
303 526 469 592 approperat
483 531 544 573 non
558 515 644 589 equis
677 513 777 573 assibus
792 523 903 583 agmen.

121 593 182 650 Aut
197 589 246 677 ubi
259 591 396 666 praedator
411 589 555 650 descendit
576 591 612 647 ab
629 608 651 648 a
685 606 734 647 ere
749 586 859 645 Milvus

71 663 272 741 r4sPerd1ceu1
286 667 314 725 iu
328 667 474 738 tiruidanr,
495 664 644 724 contrat'tis
663 681 725 740 que
739 663 810 738 sugit
824 662 890 731 alis,

123 741 301 815 Precipitans
317 744 347 802 in
366 743 485 802 humum
499 739 579 798 fimus
592 740 697 815 ingruit
712 740 795 799 ocior
809 737 874 806 iile,

122 817 268 892 Unguibus
286 818 442 894 illaqueans
459 815 598 892 pradarn,
618 826 765 893 raptorque
779 811 945 873 cadentem:

123 891 170 950 Sic
182 891 292 967 poffunt
308 895 408 954 Atomi
427 890 571 968 quedam,
593 891 643 950 etsr
655 890 733 979 pone
750 890 918 964 sequentes,

123 968 266 1028 Maturare
277 971 411 1044 gradum;
431 987 464 1027 ac
484 966 596 1037 seusun,
617 983 684 1040 quta
697 967 824 1043 pondere
837 960 981 1041 prestant,
1013 989 1031 1008 a

68 1045 152 1105 noio
163 1044 356 1121 precedentes
370 1061 451 1105 ruere
467 1043 495 1104 dc
518 1042 701 1108 concrescere
714 1039 799 1116 lapsu

158 1198 358 1258 Ceramus
379 1197 515 1276 effugium
534 1208 625 1261 tentat
645 1191 802 1257 Gaisendus
815 1192 923 1264 Inane,

121 1273 188 1332 Nec
205 1267 359 1347 quidquam
373 1277 469 1335 auxilii
482 1276 614 1336 couviiio
633 1275 689 1340 sert
711 1270 855 1344 Epicuro,
889 1341 896 1354 .

121 1347 181 1479 gui
200 1363 252 1422 per
266 1344 298 1404 se¹
315 1349 441 1411 constare
461 1353 603 1420 Atomos‚-
618 1367 669 1426 per
684 1347 768 1423 seque
784 1357 898 1408 moveri

154 1423 257 1491 iuerat,
279 1420 307 1481 dt
326 1425 410 1483 variis
427 1427 535 1487 tantiam
549 1425 650 1486 distare
665 1424 769 1499 figuris.

70 1509 113 1552 aas
124 1497 214 1559 Ocior
234 1498 284 1556 has
303 1499 376 1560 inter
392 1518 456 1561 nam
472 1501 506 1573 fi,
529 1503 575 1564 vei
594 1501 701 1563 tardior
715 1515 770 1559 una
785 1495 838 1567 est,

122 1574 231 1641 Naturi
244 1574 345 1634 ssmiles
359 1578 457 1638 Atomi
473 1595 532 1639 non
550 1579 669 1654 amplius
690 1575 759 1653 ergit

123 1649 272 1711 Dicentur.
292 1653 364 1787 (ἐπε
379 1653 459 1714 causa
473 1657 542 1713 novi
557 1653 722 1714 discriminis
738 1649 786 1712 illa

123 1725 187 1786 Effe
206 1727 298 1804 potest
339 1730 475 1806 Quenam
497 1730 644 1789 velocibus
659 1725 767 1788 addidit
781 1724 854 1793 alas,

123 1803 166 1860 Ut
178 1805 311 1864 cederent
323 1803 415 1861 rnuito
433 1801 534 1870 citius,
553 1805 696 1879 pigrisque
711 1798 848 1876 negavit?

71 1877 227 1941 atoPlirsve
242 1875 373 1937 minusve
385 1891 501 1947 graves,
522 1878 633 1951 inquis,
653 1875 815 1949 confingere
828 1871 945 1946 possum.

124 1952 172 2010 Sic
191 1951 275 2007 variis
295 1948 412 2013 dederas
432 1950 579 2015 consistere
593 1953 672 2026 posse
685 1950 795 2024 figuris,

124 2022 214 2154 guod
233 2022 331 2080 saisurn
346 2024 472 2097 ostendi,
493 2024 574 2086 nullo
592 2027 738 2086 srauiiore
753 2033 898 2090 creantur;

157 2116 190 2155 ec
205 2096 295 2162 minias
310 2097 325 2160 d
340 2100 427 2172 redit,
447 2102 526 2176 quod
538 2103 578 2160 ais
593 2105 703 2161 ratione
716 2097 833 2163 recedit.

126 2173 303 2250 Corporibus
316 2178 420 2246 curritis
437 2180 558 2252 gravitas
578 2196 632 2253 pro
646 2175 723 2238 mole
738 2172 868 2252 profesio
880 2172 930 2237 est.

73 2251 210 2313 ³65Mole
223 2250 293 2327 ergo
316 2248 416 2311 distant
429 2255 540 2322 Atonri‚
563 2253 582 2311 fi
600 2253 729 2330 pondere
752 2249 863 2311 distent.

125 2330 163 2387 Et
178 2332 243 2402 quia
260 2326 404 2404 particulis
416 2331 559 2401 constant,
579 2330 650 2390 levis
666 2330 752 2390 altera
767 2343 868 2406 paucas

124 2403 276 2462 Particulas
292 2403 390 2463 sortita
402 2404 474 2479 suit,
493 2405 585 2483 gravis
594 2407 686 2467 'astera
700 2405 806 2481 plures.

120 2482 206 2546 'Inter
218 2495 265 2536 eas
278 2479 388 2540 Natura
402 2497 500 2571 parens
516 2483 608 2542 divisit
626 2483 723 2559 inique

124 2556 295 2625 Materiem,
315 2557 423 2632 erigus
438 2558 610 2635 parcissima,
633 2559 752 2636 prodiga
773 2558 875 2619 crassis.
965 2596 967 2601 =

73 2632 155 2708 trosi
170 2629 277 2696 causam
295 2632 463 2708 agnoscunt,
485 2637 574 2695 varias
589 2635 626 2702 sic
642 2636 696 2695 esse
710 2636 837 2696 fateb013

123 2707 206 2766 Talia
223 2706 284 2767 sunt
297 2710 403 2769 etenim
418 2728 480 2785 qua
493 2728 616 2786 corpora
629 2727 740 2788 cunque
759 2708 908 2770 videntur:

123 2784 231 2842 Sinon
251 2785 422 2861 agnoscunt,
441 2789 532 2848 varias
552 2786 590 2846 src
606 2788 660 2848 esse
675 2795 821 2862 repugnat·

160 2934 270 2995 Aoos
289 2939 367 3013 quod
378 2941 407 2999 in
422 2943 522 3000 Vacuo
536 2938 669 3002 caderent
682 2940 702 2998 fi
718 2953 839 3012 corpora
851 2937 956 3016 prima,

122 3010 290 3149 guanquarn
307 3017 395 3104 inspar
409 3016 464 3076 illis
477 3017 598 3091 gravitas
614 3015 727 3105 sortasse
746 3013 874 3105 daretur,

70 3093 114 3144 rat
153 3088 261 3168 nuque
275 3089 441 3156 deciderent
458 3090 539 3158 saurus
551 3107 652 3155 omnia
668 3102 810 3166 ternpore
828 3107 869 3150 in
876 3103 959 3148 uno.

717 3169 798 3243 33
981 3145 1052 3205 Rue
