2144 3502
197 168 423 249 trani
488 164 825 269 Quassus
902 179 982 250 ·m

77 315 225 389 versabit,
245 322 305 393 quo
325 318 353 376 se
366 316 512 378 molimine
524 310 653 393 protinus
669 317 745 375 illinc

77 395 203 468 Eripiat:
223 393 270 451 sed
282 395 301 452 sr
314 394 357 450 vis
375 393 566 470 insuperabilis
581 393 659 453 illum
729 467 736 480 ·

78 469 250 544 Praecipitat,
270 471 349 528 vanis
363 472 476 546 genium
489 471 658 529 cruciatibus
673 478 764 544 angit:

52 601 55 604 ,
79 545 145 603 Hoc
167 548 174 601 i
198 544 227 602 so
243 544 356 616 infelix,
375 545 453 623 quod
465 545 604 623 prudens:
625 559 708 621 atque
723 539 862 602 medelam

21 623 111 678 razolo
127 561 197 677 redd
218 632 299 694 putet
311 620 366 680 effe
379 623 476 693 malis,
495 623 545 680 ubi
558 621 635 681 nulla
651 619 761 680 medela
781 616 829 675 cll.

81 697 160 753 Vana
174 696 291 766 etenim,
311 713 373 786 qua
387 698 426 757 nil
440 699 554 772 penitus
573 695 720 771 prudentia
733 693 825 772 pollis.

76 768 150 828 Inde
163 771 255 830 omnis
269 785 374 848 pariter
386 775 550 850 sapientum
565 771 653 845 gloria
666 772 746 849 falla,

74 845 288 921 Magnanimum
304 850 434 908 Heroum
449 850 556 919 virtus,
577 848 744 923 Regumque
758 849 915 907 bonorum:
941 904 944 909 ,
983 874 985 879 s

74 923 137 980 Nec
157 920 339 1000 laudabilior,
361 923 444 1000 quim
460 922 589 997 corporis
599 923 709 998 inclyta
725 923 833 996 fornia,
962 936 983 944 ’·

21 998 141 1063 ursive
157 998 244 1067 decor
262 999 371 1070 vultus,
393 1011 441 1058 aut
455 1000 561 1058 florens
577 999 683 1058 viribus
700 1011 774 1057 atas.

72 1075 169 1149 Atque
188 1074 320 1135 adeo-est
337 1076 446 1134 homini
461 1074 591 1134 Rationis
607 1073 706 1132 inutile
724 1071 851 1149 pondus,

68 1148 130 1210 imo
149 1148 353 1221 aerumnolum,
374 1160 459 1225 atque
479 1151 577 1211 animis
597 1150 673 1225 quasr
691 1149 794 1208 sarcina
808 1148 919 1243 nostrist

145 1315 184 1355 ur
203 1298 361 1358 libertatem
375 1301 558 1379 praecelsaque
570 1303 632 1374 jura
646 1301 754 1380 negarit

74 1373 132 1430 Mo
154 1372 198 1430 ilis
219 1371 343 1446 arbitrii,
365 1394 424 1454 quo
440 1382 549 1454 praemia
589 1377 781 1437 uaererefadlis
813 1398 817 1409 ·
894 1447 898 1455 ¹

21 1445 181 1521 arerent,
200 1446 227 1506 ἀ
243 1448 300 1507 hoc
312 1468 373 1512 aevo
384 1454 526 1530 quondam
545 1398 654 1516 felicius
668 1472 773 1522 aevum;

74 1522 128 1582 llle
142 1523 191 1582 fibi
204 1524 342 1588 anteferat
359 1546 461 1590 vecors
480 1530 592 1593 &secla
608 1530 745 1602 ferarum,

72 1600 150 1681 Quas
165 1602 272 1661 Natura
307 1620 385 1666 arens
401 1621 502 1668 movet
519 1625 551 1668 ac
568 1609 638 1681 regit
654 1608 760 1684 impete
774 1622 869 1672 cacot
904 1666 907 1671 .

70 1679 109 1738 Et
123 1677 169 1736 sua
185 1678 271 1739 viven
294 1697 312 1738 o
329 1683 475 1742 vincentes
489 1696 617 1757 tempora
630 1683 752 1757 plantas,

72 1754 277 1829 Marmoruque
291 1754 319 1813 &
333 1759 443 1831 gremio
456 1761 553 1815 Terra
565 1757 684 1816 formata
698 1759 819 1819 metalla.

21 1829 206 1906 :zerNamque
221 1847 357 1903 geruntur
370 1832 413 1889 uti
428 1848 479 1904 par
492 1831 549 1900 eli,
570 1832 664 1905 ignara
682 1832 809 1906 profesto
888 1838 890 1843 '

73 1905 151 1984 Quid
171 1904 204 1961 fit
217 1920 290 1976 opus
310 1903 463 1973 deceatne,
482 1902 522 1959 lui
534 1920 588 1960 nec
601 1905 732 1965 habentia
746 1924 851 1967 curam:

69 1981 153 2038 lrrita
165 1976 349 2045 dum‘nobls‚
369 1977 396 2036 dr
418 1977 613 2038 sollicitudinis
631 1999 652 2039 ae
672 1998 708 2040 rae

71 2052 176 2113 Infelix
195 2059 299 2118 mater,
322 2053 410 2111 ilatio
424 2051 478 2120 est3
499 2053 565 2114 dum
585 1999 771 2114 viradauore·

72 2128 217 2203 Perpetuo
231 2125 349 2198 detrita,
368 2127 439 2190 heu!
459 2131 556 2207 paucis
573 2131 678 2192 occidit
690 2132 778 2192 annis.

577 2224 589 2255 Χ

21 2291 71 2339 1240
112 2279 204 2340 Sans
216 2294 273 2351 rc,
294 2277 321 2337 dr
341 2279 416 2340 haud
432 2280 542 2343 dubitat
554 2296 619 2344 tuus
634 2283 692 2360 ipse
705 2284 794 2348 Poeta
809 2285 891 2346 fateri
917 2288 920 2292 ’

74 2357 219 2416 Libertate
238 2357 347 2418 animos
364 2359 510 2418 hominurn
523 2360 696 2435 praecellere3
717 2365 845 2438 quamvls

71 2433 227 2492 Damnaret
241 2433 316 2492 leto:
337 2449 424 2508 quare
441 2452 491 2511 per
506 2439 592 2495 lnane
607 2436 739 2497 cadentes

42 2536 44 2540 ⁴
70 2509 205 2568 Ridicula
222 2508 339 2568 demens
355 2511 478 2570 Atonros
494 2510 643 2571 clinamine
660 2513 750 2576 torfit.

72 2586 144 2643 lrrisr
158 2586 231 2644 latis.
252 2586 292 2646 At
305 2603 355 2662 per
372 2588 398 2645 le
412 2586 478 2646 clun
499 2587 588 2646 libera
606 2590 675 2660 poni

21 2661 201 2720 1245Materla
214 2679 277 2736 pars
298 2661 374 2720 nulla
393 2675 491 2736 queat,
512 2664 640 2723 mirabile
654 2663 728 2724 dictu
746 2665 811 2737 est,
832 2677 834 2680 ’

71 2736 132 2868 §ul
151 2737 265 2796 Mentes
282 2738 301 2797 e
314 2739 435 2798 Materia
449 2739 617 2800 conflaverit
632 2743 703 2815 uni,

103 2827 149 2874 ec,
171 2827 233 2882 quae
249 2814 376 2874 misceret
391 2818 558 2890 pugnantia,
579 2816 682 2877 viderit
697 2834 826 2894 nsquam.
929 2878 949 2891 ¹,
976 2884 982 2893 ,

71 2884 292 2955 Ariasmenus,
313 2889 408 2965 qnod,
432 2890 495 2950 ciam
511 2892 673 2951 immortale
688 2912 740 2970 per
754 2911 844 2955 aevutn

74 2958 240 3020 Constantes
256 2960 362 3022 faceret
376 2966 555 3041 compactae
569 2984 691 3042 corpore
706 2971 816 3037 Divos,

25 3039 169 3112 nolitque
183 3034 328 3097 hominum
344 3038 432 3100 iormi
448 3041 495 3100 led
513 3043 674 3118 lirnpidiore
694 3047 843 3118 micantes,

73 3114 219 3175 Humanas
232 3109 319 3201 ¹idern
336 3116 466 3178 Libitine
485 3116 532 3178 sub
545 3120 611 3196 juga
626 3122 748 3258 Mffites
948 3183 1018 3239 W
