2144 3502
10 179 45 218 ι.
116 169 170 224 1⁶0
250 121 864 243 surr-nuenarius.

60 297 190 359 ‚ooHinc
204 294 327 353 Atomos
341 311 393 370 per
412 293 440 352 le
454 295 601 357 noscentes
615 307 701 371 atque
721 297 869 368 volentes,

113 373 156 430 Ac
169 371 249 430 fimul
268 381 385 430 eternas
406 369 484 446 fugas
500 371 656 443 affirmare,
677 375 802 434 Lucreti.

111 448 296 506 Democritus
312 444 455 519 quondam
469 447 620 505 nonnullas
632 465 740 524 ponere
755 448 826 510 tales

111 522 202 583 Ausus
220 535 295 592 erar,
315 537 378 596 quo
392 537 448 596 ptae
462 522 577 598 reliquis
595 523 646 580 bac
661 523 729 584 dote
743 523 860 602 superbd

110 598 273 668 Pollerent,
293 598 470 674 Mentesque
483 597 580 658 forent
595 596 610 655 l
626 597 748 672 fimplice
767 603 857 677 vulgo

59 691 101 734 tor
111 673 267 733 Distintlae:
288 672 378 748 qualis
392 673 505 749 plebem
519 674 676 732 contemnit
689 677 840 750 agrestem,

111 749 258 811 Addruam
277 746 401 820 officiis,
415 763 509 809 natam
529 747 632 808 servire
646 751 776 822 patique,

112 826 216 883 Libera
231 825 394 899 Nobilitas,
412 826 560 900 titulisque
573 841 606 881 ac
619 825 728 896 juribus
746 828 847 902 amplis

113 899 289 960 Praecellens.
312 902 410 960 Tanto
430 898 487 960 visu
505 900 544 960 est
557 911 699 960 commota
717 903 841 974 periclo,

114 978 185 1057 Qua
207 973 300 1033 schola
314 976 447 1036 mortales
462 979 571 1035 animos
586 975 771 1034 contendit&
785 994 804 1035 o
825 993 880 1038 tut:

61 1063 105 1108 3¹⁰
116 1053 370 1126 Democritumque
384 1064 490 1126 patrem
510 1049 601 1110 srrbitd
616 1051 758 1126 indignata
771 997 894 1128 reffquit.

112 1130 227 1188 Revera
240 1128 279 1184 nil
302 1127 451 1186 ridiculum
468 1129 568 1202 stragis,
590 1138 674 1202 atque
689 1127 866 1205 pudendum,

113 1203 205 1284 Qudm
225 1204 328 1280 pariles
343 1208 465 1262 Atouros
480 1205 508 1276 lu
530 1219 646 1278 caecas,
656 1205 743 1280 inque
757 1205 888 1265 uidentes

109 1281 227 1341 Partiri:
247 1281 338 1339 filiurn
353 1279 439 1355 gratis
455 1290 526 1348 crat,
552 1296 585 1337 ac
598 1277 655 1339 sure
666 1281 753 1342 causi.

148 1435 218 1494 Sco
239 1431 384 1491 videamus
404 1428 497 1490 utrirm
512 1430 604 1490 minirs
617 1431 633 1491 d
647 1434 758 1493 ratione
772 1431 902 1504 recedat,
922 1465 925 1470 ·

61 1535 102 1579 ,ις
111 1510 198 1589 Quod
211 1507 314 1568 cecinit
334 1508 414 1581 super
426 1508 470 1577 bis
489 1508 604 1582 Epicuri
624 1508 702 1566 serua
718 1509 863 1570 Camoena.

112 1585 273 1652 Materies,
290 1584 397 1657 inquit,
420 1579 514 1656 perse
529 1583 568 1639 nil
589 1584 688 1647 sentin
708 1583 735 1642 dt
756 1603 855 1644 omnes

111 1660 205 1733 AEqui
225 1657 297 1716 sorte
318 1659 457 1729 Atomos,
479 1657 638 1730 eunitarum
651 1657 774 1730 'exordia
788 1676 897 1730 rerum,

111 1735 220 1792 Natura
232 1749 318 1792 caecas
337 1731 364 1790 δι
380 1732 483 1793 inertes
495 1731 556 1805 ⁴elle
571 1730 680 1791 neceiie
695 1732 743 1791 eil.

111 1809 218 1869 Veriun
234 1810 282 1866 ubi
296 1809 415 1885 ¹fortuni
432 1821 514 1867 certa
528 1825 647 1884 quaque
661 1806 762 1868 ordine
782 1824 878 1870 certo·
929 1814 932 1819 '

61 1886 287 1951 320Convenerc
301 1884 396 1955 fimul,
417 1889 428 1954 (
436 1883 564 1959 quumvis
579 1901 634 1942 nec
654 1881 748 1942 dicere
763 1886 860 1961 quales

114 1963 242 2022 Omnino
259 1960 368 2030 ualeat,
385 1976 439 2018 nec
458 1961 521 2034 quis
541 1959 655 2020 demum
672 1958 720 2018 ille
734 1959 767 2020 srt
780 1961 877 2036 ordo)

112 2037 248 2098 Efficiunr
266 2038 399 2096 animum.
420 2037 504 2094 Putat
518 2047 611 2096 aurern
627 2035 643 2095 ὲ
658 2033 790 2109 sanguine
804 2057 893 2114 puro,

111 2117 239 2174 Partibus
252 2115 357 2184 adriis,
377 2111 471 2170 subtili
486 2109 608 2185 denique
623 2112 750 2182 flammi,

111 2191 193 2262 Polie
210 2187 316 2266 aliquid
325 2188 407 2248 'nasci
420 2185 499 2263 quod
512 2187 621 2263 cogitet
634 2205 667 2245 ac
679 2187 764 2254 velit.
784 2188 834 2252 etsi

62 2285 104 2328 εις
114 2268 308 2338 Corporeum
328 2263 499 2342 tandemque
514 2263 587 2322 mori
602 2280 740 2341 compage
752 2262 851 2324 soluta„

148 2416 197 2474 En
208 2414 251 2474 ob
271 2416 400 2475 Materiae
418 2415 525 2475 tantbm
540 2416 658 2475 mixtura
674 2415 833 2492 modusque

110 2490 245 2554 Efficient
263 2492 404 2550 Mentem.
426 2491 483 2552 Se'd
498 2490 565 2560 otrid
578 2493 698 2552 mistura
718 2496 826 2554 creabit

110 2570 241 2627 Materia
260 2568 288 2626 in
304 2568 437 2640 latebris,
457 2573 489 2624 ut
503 2567 588 2624 Mens
608 2567 655 2625 ubi
669 2567 746 2626 nulla
760 2567 867 2637 fuiffet.
947 2581 953 2586 ’

111 2645 198 2704 Mens
217 2643 256 2703 ibi
270 2642 409 2703 continui>
427 2640 540 2702 existat:
561 2640 604 2698 vis
618 2657 721 2719 nempe
740 2644 873 2715 jubendi;

61 2724 161 2781 novis
180 2719 335 2788 meditans,
356 2733 534 2793 operumque
550 2724 669 2792 poteus;
692 2719 734 2776 vis
752 2735 817 2794 apta
835 2721 959 2781 movend

112 2797 304 2872 Corporibus:
324 2794 368 2851 vis
383 2793 560 2867 percipiens,
582 2808 615 2849 ac
627 2791 741 2866 predita
762 2795 855 2868 serrsu,

109 2871 260 2945 Judlciumc
272 2889 308 2930 ue
322 2866 432 2937 ferens,
455 2867 483 2926 dt
502 2866 603 2942 agendi
617 2870 723 2928 robore
737 2872 889 2944 praelians?

112 2947 185 3009 Nam
205 2892 384 3021 perierunt,
405 2960 469 3003 narn
492 2942 651 3017 prospicere
670 2957 755 3017 atque
769 2965 908 3025 movere,
930 2944 933 2949 ’

114 3022 151 3080 Iit
165 3022 312 3094 preferre,
331 3019 426 3096 sequi,
444 3018 559 3098 fugere,
581 3019 765 3094 impugnare,
783 3025 884 3090 reniti;

63 3105 105 3154 tar
114 3097 180 3162 Hoc
193 3113 276 3174 agere
292 3096 341 3172 est,
360 3097 491 3170 Mirtum
511 3094 581 3162 uori
595 3094 633 3161 nil
647 3096 773 3175 partibus
786 3097 873 3160 affert
