2144 3502
229 171 453 246 LIBER
517 162 901 241 SEPTIMUS:
975 180 1025 247 25²)

61 382 65 388 ,
113 306 180 376 Hoc
201 315 284 388 sciat,
304 313 363 372 hoc
378 312 471 373 valeat
485 310 580 372 cordis
594 310 675 369 faber
693 306 829 382 inclytus:
849 304 918 380 ergit

61 383 377 451 ‘³⁰Ventriculoslruic
391 390 446 449 elle
460 389 534 449 duos
552 389 621 447 hinc
637 383 704 444 inde
715 383 844 453 jubebit:

111 469 222 526 Dexter
241 480 273 526 ut
290 468 409 542 accipiat
424 477 569 543 repentem
587 464 602 522 i
617 475 739 535 corpore
754 471 818 517 toto

109 545 300 616 Sanguineum
316 543 565 617 la'ticem‚turgens
580 555 664 616 quern
682 553 754 595 vena
769 541 910 609 reportat}

111 621 208 694 Atque
230 620 258 676 in
278 618 444 694 pulmonum
465 617 558 678 subitd
577 612 732 690 penetralia
753 613 869 682 vibret,

109 696 305 754 imbibiturum
329 695 465 767 illiciam
491 691 629 769 quidquid
651 693 686 748 ab
711 690 778 747 aere
799 687 893 745 sumto

60 770 235 828 sasAEtheris
255 771 409 846 expressum
424 771 479 830 est:
500 787 570 829 mox
592 768 606 826 i
625 765 762 843 pulmone
782 764 924 823 reversum

110 845 246 923 Suscipiat
257 847 359 912 laevus3
380 848 460 906 simili
479 864 564 923 quern
580 843 681 901 arteria
696 842 787 912 maior

110 922 219 996 Impete
237 923 375 997 pullatum
391 941 442 999 per
463 925 594 1000 corporis
609 920 705 977 omnia
723 920 849 976 membra

108 997 270 1058 Diffundet.
291 1001 396 1069 Motu,
417 1005 485 1074 pro!
505 1009 642 1072 quantum
660 994 699 1052 est
712 996 778 1053 artis
795 996 824 1052 in
837 992 906 1053 illo!

107 1073 235 1136 Vivimus
251 1075 304 1134 hac
321 1075 428 1133 fabrici
446 1076 571 1142 tantum,
595 1072 713 1131 cellante
726 1071 859 1146 perimus.

57 1152 246 1211 ⁶40Macnina
260 1168 326 1208 nam
348 1149 444 1206 nostra
462 1150 523 1208 haec
542 1165 601 1207 non
624 1147 663 1206 est
682 1145 843 1222 hydraulica
858 1144 963 1216 solum,

108 1226 295 1286 Pneumatica
308 1223 349 1282 est
363 1225 458 1285 etiam.
485 1225 602 1285 Auxilio
622 1223 758 1299 spirabilis
777 1238 851 1279 aura)

108 1301 240 1372 indiget,
260 1316 297 1358 ex
316 1299 383 1358 alvo
400 1302 543 1374 genitricis
558 1314 590 1360 ut
604 1301 690 1369 exiit,
710 1299 810 1358 infans.

106 1376 225 1452 Quippe
238 1376 348 1435 necesse
365 1377 443 1451 prlirs
463 1376 614 1454 (materno
630 1378 762 1452 sanguine
774 1370 889 1449 quando

111 1451 207 1509 Foetus
225 1449 368 1527 alebatur,
388 1454 532 1533 stabatque
545 1458 575 1514 iu
590 1471 704 1515 carcere
723 1449 851 1523 clausus)

56 1525 249 1586 enitentur
261 1527 338 1587 huuc
352 1530 457 1592 aditum
471 1534 501 1593 in
520 1532 673 1608 pulmones
688 1530 743 1588 elle
762 1538 919 1603 patentem·

109 1601 193 1663 Certe
212 1620 273 1663 non
291 1618 422 1681 poterant
435 1609 526 1669 inflari
540 1610 675 1669 mollibus
689 1607 786 1670 aurise-
848 1646 850 1651 ·

105 1680 145 1738 Et
165 1691 245 1739 motu
266 1681 323 1742 fine
338 1685 506 1761 languentes
520 1685 813 1762 preffiquejrcebant.

105 1755 183 1831 Ergd
202 1755 256 1817 suis
279 1758 453 1819 diverticulis
476 1775 544 1819 tunc
569 1762 669 1820 devius
690 1758 764 1830 ibat,

104 1830 195 1907 Inque
215 1833 334 1892 salutato
357 1836 495 1907 pulmone
517 1838 634 1912 petebat
653 1847 761 1892 aortam

54 1905 233 1982 csoSanguis.
262 1909 335 1966 Cirm
357 1908 429 1965 verd
443 1910 579 1983 privatam
592 1911 692 1968 vivere
705 1909 792 1968 vitatu

103 1984 208 2056 Incipit
223 1983 368 2050 exclusus,
387 1983 501 2060 Jamque
516 1988 583 2046 aere
594 1985 716 2044 vescitur
729 1984 839 2056 infans,

102 2055 174 2114 Inde
187 2071 267 2114 novo
283 2056 383 2118 versus
397 2060 562 2135 pulmonem
578 2065 690 2122 tramite
711 2059 821 2135 sanguis

106 2130 210 2204 Irruit,
231 2129 380 2210 &primos
399 2136 516 2196 dediscit
534 2138 634 2216 sponte
648 2147 768 2201 meatus.

146 2282 377 2350 Purpureos
396 2303 491 2352 autem
504 2293 657 2429 {lobulom
677 2294 800 2354 humore
814 2298 946 2354 natantes

59 2360 142 2418 655111
157 2361 267 2438 liquido
287 2366 401 2443 (vitalis
417 2371 494 2430 enirn
530 2391 568 2432 aec
588 2385 688 2433 natura
706 2371 847 2448 liquoris)
887 2388 891 2409 r

105 2438 168 2574 ss¹³¹
179 2445 287 2517 poterit
307 2459 359 2517 per
374 2457 465 2506 totum
485 2447 584 2524 opifex
606 2448 740 2508 inducere
755 2464 875 2522 corpus,

139 2519 280 2608 [tubulos
295 2521 403 2598 fingat,
420 2527 514 2600 magni
534 2543 587 2585 ceu
604 2525 727 2585 fluminis
746 2524 865 2594 alveos‚·

105 2593 164 2670 Qut
186 2595 290 2656 deiude
304 2599 333 2657 in
347 2601 442 2658 varios
461 2601 541 2662 diviii
559 2602 629 2678 saepe
649 2599 776 2672 canales,

105 2668 244 2732 Inclusum
259 2673 373 2734 laticem
388 2675 474 2752 longe
491 2679 605 2756 lateque
617 2692 668 2756 per
688 2687 764 2737 artus

55 2745 266 2836 “olnlinuent3
286 2754 399 2813 suctum
416 2754 443 2812 u
458 2755 587 2816 studeant
602 2755 714 2817 deferre
729 2753 887 2825 liquentem

110 2821 265 2886 Commrrti
279 2833 365 2890 toties
387 2830 449 2906 ipso
464 2850 526 2892 cum
542 2833 675 2908 sanguine
694 2828 790 2905 chyli:

109 2898 152 2958 Ut
165 2897 221 2958 stne
235 2919 302 2964 rore
316 2925 396 2967 novo
412 2905 501 2975 nihil,
526 2910 716 2984 intactumque
736 2904 919 2982 relinquant?

107 2974 174 3032 Nec
188 2976 261 3036 vero
274 2985 406 3042 membris
421 2983 529 3043 tantum
544 2986 604 3043 hec
618 2986 750 3042 alimenta
766 2981 855 3042 tulilie

109 3049 247 3112 Sufficiat.
273 3058 350 3140 Quid
363 3060 438 3119 enim
452 3072 570 3135 torpens
586 3061 614 3118 in
628 3061 752 3135 partibus
766 3058 829 3133 iplis

57 3139 100 3192 ας
111 3127 215 3190 Vester
231 3146 319 3208 opum
333 3133 461 3195 faceret?
480 3137 597 3213 Semper
617 3135 789 3268 seml²¹q{⁸
800 3143 947 3194 stam*
1007 3190 1025 3243 p
