2144 3502
235 133 1012 234 =n1nunsnrrrm'us.·2r

115 300 217 378 Longe
233 319 283 378 per
298 298 405 358 medias
419 297 558 372 hyemes,
581 308 658 355 tran-s
674 311 788 372 aequora
802 308 917 366 magnar

64 379 164 441 ¹90Est
180 394 274 438 tamen
291 379 318 434 in
332 375 411 436 tenui
426 375 516 447 major
535 373 648 431 solertia
664 388 769 447 grano:

116 458 276 529 Forrnaque
297 451 436 510 lenticulae
452 451 574 509 radicem
594 448 749 507 extendere
764 463 865 520 campo

114 531 313 603 Donatum,
335 528 361 586 ἀ
380 527 456 585 sollis
475 543 568 584 ramos
584 526 716 584 redimire
735 523 862 592 bisulcis,

115 604 304 682 Digestasque
317 602 397 663 fimul
411 605 503 662 varias
519 601 663 661 includere
679 603 768 660 lentes

116 681 240 740 Custode
257 685 289 743 iu
299 681 410 755 siliqua,
430 681 499 738 totis
513 678 652 755 prestabit
664 675 800 743 Athenis,

66 766 107 813 υς
118 758 154 816 Et
169 776 214 816 me
225 759 319 831 judice
334 759 403 827 erit,
426 756 508 831 quim
528 756 657 814 Porticus
680 756 928 829 atqueLyceum,

57 847 59 850 ‘
115 834 154 892 Et
191 834 249 893 niun
272 832 406 893 mortales
429 833 521 890 cunsli
539 831 689 902 sapientior
705 847 770 889 una.

116 911 221 969 Verum
237 908 343 987 aliquid
363 908 405 966 sas
421 909 460 966 eil
482 908 586 966 erranti
611 906 756 980 ignoscere
777 909 880 966 turbae:

114 985 183 1064 Qun
198 987 265 1047 dum
286 1003 358 1062 opus
373 984 470 1042 artilici
485 983 583 1042 tribuit
597 982 725 1039 mirabile
738 984 863 1054 Formae,

112 1062 218 1122 Saltem
233 1065 262 1126 in
278 1080 314 1121 eo
328 1060 448 1118 studium
462 1057 606 1133 quoddam
624 1057 755 1134 persensrt
769 1060 795 1117 n
810 1075 910 1120 artem.

59 1227 106 1268 κισ
151 1215 207 1271 Au
230 1214 317 1270 miror
329 1210 475 1271 sublimem
495 1211 617 1271 animum
631 1212 812 1284 aientemque
829 1213 965 1286 Epicuri,

112 1286 229 1359 Singula
243 1289 291 1361 qui
305 1287 420 1363 longitm
435 1287 585 1346 meditatus
603 1301 724 1361 corpora
739 1331 745 1354 ,
766 1287 862 1348 esaum
877 1325 880 1329 Δ
941 1300 945 1307 ’

113 1359 175 1434 lpse
196 1362 296 1421 volens
315 1366 415 1423 oculos
433 1366 459 1421 dt
476 1363 571 1423 lumen
585 1364 686 1440 sponte
701 1362 820 1438 refugit:

5 1495 10 1505 ,
113 1436 287 1497 Numinibus
302 1440 416 1516 quando
432 1441 525 1500 sectus
544 1443 572 1499 in
587 1458 656 1517 pace
671 1438 793 1509 relislis,

113 1513 264 1574 Fortunam
281 1517 372 1576 causas
391 1517 498 1577 Mundi
512 1518 647 1594 congessit
660 1518 688 1573 in
711 1531 811 1579 unamr

62 1605 105 1648 205
115 1589 273 1665 Ceteraque
287 1604 390 1655 exorto
413 1594 496 1654 semel
512 1593 691 1654 advenientia
707 1591 822 1651 Mundo

112 1667 159 1725 Sic
173 1667 233 1726 fieri
247 1667 334 1740 duit,
354 1673 488 1746 quoniam
506 1670 543 1727 fic
561 1671 680 1744 contigit
694 1669 749 1727 elle

111 1743 279 1819 Complures
294 1748 394 1805 Atomi
408 1751 485 1804 certa
505 1759 536 1804 ut
555 1746 590 1803 de
611 1745 693 1803 classe
706 1746 833 1821 coirent3

108 1818 292 1894 Proindeque
307 1821 457 1889 seminibus
470 1820 545 1876 nasci
560 1819 675 1877 dustore
693 1820 749 1876 fine
760 1825 826 1880 -ullo

108 1896 167 1951 Res
183 1895 312 1962 enudas,
334 1894 497 1967 pariterque
518 1910 552 1950 ex
572 1895 675 1952 cunetis
690 1893 793 1952 semina
814 1901 913 1965 rebus;

57 1970 180 2027 aroNon
197 1986 232 2025 ex
253 1967 420 2042 proposito,
445 1969 472 2025 vi
487 1966 594 2025 tantirm
612 1983 697 2044 atque
712 1970 817 2043 impete
831 1975 936 2034 motus.

110 2045 177 2101 Hoc
198 2044 303 2100 etenim
325 2041 426 2102 distant
441 2044 580 2119 Epicurus
595 2044 837 2117 Aristotelesque,

109 2119 215 2176 Totius
235 2117 311 2194 qudd
325 2136 418 2179 turam
438 2121 532 2195 operis
551 2117 728 2194 studiumque
743 2123 860 2197 regendi

108 2194 167 2254 Hic
182 2193 262 2254 daret
280 2194 398 2268 effeslo,
418 2197 495 2274 quod
512 2196 558 2254 vel
572 2198 657 2254 cause
672 2197 719 2259 ille
735 2201 861 2274 negavit.

143 2349 218 2409 Seu
237 2366 297 2409 non
314 2349 441 2426 expediit
456 2347 593 2424 Superllm
614 2362 793 2419 contemtor,
815 2351 841 2410 dt
864 2352 917 2411 olli
996 2388 1002 2397 -

5 2478 9 2486 .
55 2445 97 2491 215
107 2423 237 2485 Carmine
254 2426 391 2487 mellifluo
407 2427 559 2501 suffragans
573 2427 655 2486 Musa
676 2425 810 2499 Lucreti,

104 2502 202 2636 guare
215 2511 274 2563 nos'
285 2503 395 2577 miseri,
415 2521 538 2577 quorum
561 2504 726 2562 obscuratur
740 2509 830 2578 opaci

143 2580 189 2639 ole
210 2581 383 2649 intelleslus,
404 2598 457 2639 nec
479 2579 505 2636 se
522 2581 642 2654 caligine
659 2580 758 2650 solvit,

73 2706 76 2711 ,
104 2654 153 2710 Nil
176 2658 282 2731 agimus
298 2658 356 2715 fine
369 2657 504 2727 consuto,
526 2656 583 2715 fine
604 2670 718 2725 mente,
738 2655 796 2714 fine
815 2670 889 2728 rrte;

64 2796 67 2801 Ι
106 2729 162 2787 Seu
175 2733 279 2792 vestem
301 2733 459 2800 induimus,
482 2733 560 2793 solita
577 2735 623 2794 seu
640 2734 779 2791 vescimur
793 2733 868 2806 cscl,
897 2750 900 2757 ’

54 2802 162 2863 azoSeu
176 2804 310 2879 legimus,
331 2812 513 2881 canimusve,
534 2810 626 2884 placet
642 2811 688 2868 seu
706 2809 956 2886 scribere-versus,

106 2879 165 2936 Aut
186 2880 289 2951 serere,
310 2898 359 2944 ant
373 2887 515 2961 plantare,
537 2897 584 2942 aut
600 2885 839 2958 glebamliudere
852 2907 963 2962 aranu,

105 2953 143 3042 Et
159 2955 347 3017 conscendere
365 2978 475 3036 equos,
494 2962 608 3028 venari,
630 2960 745 3031 ludere,
766 2964 831 3031 sari,

103 3029 241 3103 Pingere:
262 3034 331 3106 quid
352 3044 507 3097 memorem
527 3037 665 3095 clarorum
681 3038 755 3114 gella
775 3041 920 3111 virorum,
957 3110 960 3114 Α

25 3184 28 3191 Ι
100 3106 139 3175 Et
156 3105 222 3171 belli
242 3109 376 3184 pacisque
389 3128 499 3187 ¹opera,
523 3106 880 3186 artificumquelenones*t

470 3238 489 3287 χ
690 3189 772 3262 Qs
