2144 3502
124 143 185 214 122
290 139 876 212 Auri-Lucuuuws

124 273 273 358 Quidquid
288 275 362 334 enim
380 271 427 330 vel
439 271 511 331 liare
523 275 635 350 potest,
655 279 701 338 vel
718 279 862 357 quoslibet
879 270 963 358 eqd
980 310 983 321 ·

70 353 271 429 rarsmcipere
284 347 429 424 impressos
447 362 558 418 motus,
582 350 712 414 lentosve
728 357 855 429 tuosve,
997 345 999 369 '

122 431 221 506 Atque
239 427 295 484 huc
311 435 396 500 atque
410 424 478 482 illuc
491 423 559 483 ferri
576 425 735 490 discrimine
748 434 844 498 nullo;

118 507 199 568 Dum
213 511 306 562 manet
319 499 464 558 incolume
484 498 512 558 dt
530 511 658 561 naturam
672 504 761 567 servat
775 509 910 582 eandem,

30 594 38 612 l
122 585 189 642 Non
205 579 292 637 habet
306 574 382 633 unde
398 575 517 638 modum
531 579 619 653 magis
634 579 711 638 hunc
725 583 809 656 quim
826 587 922 662 seligat
934 587 999 648 illuri

119 657 175 719 Sed
189 651 298 731 qualem
317 667 367 709 acc
405 651 427 709 it
445 655 567 713 retinet:
587 653 626 711 nil
641 654 668 712 se
684 671 783 716 movet
797 678 934 736 unquam,

66 733 162 799 530Ni
173 724 318 805 quoddam
335 727 363 786 in
393 747 409 786 e
423 728 451 788 se
473 730 570 789 lumen
584 729 715 790 Rationis
732 733 863 799 &artem

117 803 304 866 Discernendi
324 805 443 876 habeat,
465 806 521 882 qui
535 805 721 866 destituuntur
736 809 834 869 inertis

118 881 232 943 Semina
248 881 392 953 Materia,
414 881 492 943 sensu
504 883 643 960 pollentia
656 881 747 942 nullo.

117 955 191 1015 Cirm
212 955 309 1016 videus
328 959 414 1034 igitur
429 960 505 1017 certl
526 959 638 1017 ratione
657 959 769 1017 moveri

119 1032 265 1109 Corpora,
286 1033 425 1094 coutinud
445 1036 593 1094 motricem
614 1034 740 1110 intellige
752 1037 872 1098 causam

66 1111 193 1171 5³5Nam
209 1123 319 1172 mutare
333 1111 432 1183 suum,
451 1109 510 1178 sine
532 1109 626 1180 causi,
646 1111 696 1185 qui
709 1111 758 1170 fibi
772 1114 893 1190 primum

119 1187 296 1264 contigerit,
318 1204 363 1249 res
379 1187 456 1247 nulla
468 1187 571 1261 potest.
592 1187 663 1265 Quae
677 1186 756 1246 causa
770 1188 890 1248 cadendi

117 1263 167 1327 Est
181 1266 294 1326 Atomis
312 1265 412 1340 igitur,
432 1274 537 1322 vexant
549 1280 619 1340 quas
635 1264 712 1323 nulla
726 1267 855 1341 prosette

116 1341 262 1418 Corpora,
283 1358 337 1401 nec
351 1339 456 1399 circslm
468 1351 604 1416 tangunt,
625 1355 679 1400 nec
694 1338 811 1416 desuper
827 1349 954 1421 urgent?

116 1418 150 1476 In
166 1431 339 1494 quocunque
359 1416 412 1475 fitu
424 1414 547 1486 fuerint,
567 1416 728 1490 ubicunque
746 1420 893 1491 locorum,
966 1415 969 1421 ’

65 1495 155 1569 aeoEt
170 1508 344 1570 quocunque
363 1490 469 1559 modo;
490 1490 526 1551 fic
544 1491 571 1551 dt
586 1490 708 1568 persiste
726 1494 836 1554 necesse
850 1499 898 1557 eil.

153 1645 265 1704 Nunc
286 1656 380 1702 autem
399 1642 464 1703 clam
480 1643 611 1702 Materiae
628 1643 681 1703 fint
699 1645 795 1704 omnia
808 1646 909 1724 plena,

113 1717 226 1780 idcirco
241 1723 360 1780 Terram
371 1718 490 1779 versum
501 1736 654 1794 properare
676 1720 805 1780 videmus

115 1796 254 1873 Corpora.
275 1799 349 1857 Nam
368 1809 485 1872 preter,
504 1812 567 1872 quae
584 1813 638 1855 nos
652 1797 838 1872 circumfluit,
859 1819 972 1878 auram,

113 1875 192 1934 Aura
205 1873 268 1934 fluit
289 1871 377 1951 longe
393 1871 534 1943 subtilior,
557 1873 643 1932 incita
663 1873 739 1932 miris

63 1958 105 2012 5‘45
115 1952 152 2012 Et
167 1960 283 2012 tenuata
295 1949 407 2022 modis,
427 1949 507 2009 velut
521 1950 594 2008 assis
613 1948 695 2027 ipsius
714 1951 772 2011 adr.

152 2108 274 2170 Serve
295 2105 509 2167 Elementorum
525 2117 589 2177 pars
607 2100 792 2174 subtillime,
813 2108 925 2171 summae

113 2183 302 2247 Dexteritatis
322 2198 413 2255 opus,
433 2179 532 2238 summi
549 2176 628 2236 srmol
648 2179 863 2242 instrumentum

112 2260 256 2326 Artificis3
275 2257 401 2332 gaudens
414 2254 553 2314 humanos
568 2250 669 2310 fallere
687 2253 800 2324 sensus,

113 2335 156 2390 Ut
170 2331 244 2389 fabri
265 2347 363 2387 manus
378 2329 451 2402 ipsa,
472 2326 500 2386 de
515 2328 572 2386 sold
587 2339 683 2386 mente
697 2328 804 2387 videri:

60 2404 245 2467 rsonuateria
262 2403 316 2462 flos
330 2403 359 2462 dt
374 2403 498 2481 sanguis,
521 2402 640 2462 diffusus
658 2403 687 2460 iu
702 2418 801 2462 omnes

113 2480 251 2557 Corporis
270 2480 398 2539 immensr
416 2498 519 2540 venast
538 2481 585 2540 'su
600 2478 656 2537 filia
670 2476 809 2552 primum,

110 2559 197 2619 Nunc
213 2555 335 2632 genitrix
357 2556 470 2618 motus:
490 2556 538 2614 Tu
553 2555 659 2613 tundis
675 2551 761 2613 didita
773 2559 908 2622 membris

111 2633 200 2695 Vasto
217 2635 317 2699 vivere
338 2631 407 2705 das,
427 2630 554 2693 animalis
570 2630 699 2706 spiritus,
718 2630 801 2692 Orbi.

111 2715 156 2774 Te
176 2713 232 2773 stne
255 2708 350 2770 nullus
367 2708 462 2768 honos
477 2709 577 2767 rebus:
597 2705 696 2780 procul
717 2707 772 2767 iret
785 2710 814 2769 in
837 2730 918 2778 attras

61 2789 104 2833 55⁵
113 2789 256 2850 Dilliliens
270 2786 388 2848 Tellus:
408 2785 486 2844 firmi
501 2796 531 2842 tu
545 2782 621 2842 mole
642 2781 796 2846 revinttam

114 2865 301 2940 Cumprimis3
322 2880 356 2922 ac
372 2860 392 2921 si
408 2878 467 2937 quo
488 2857 627 2920 terrestria
638 2876 764 2936 corpora
777 2865 837 2926 nisu

111 2940 229 3000 Desertl
245 2942 347 3001 sursum
367 2937 507 3014 effugiant
526 2936 664 3009 statione,
686 2941 831 3017 retundis,

67 3016 70 3025 “
113 3017 152 3079 Et
165 3013 268 3091 pulsata
281 3018 332 3076 suo
349 3015 463 3075 festinas
480 3012 600 3074 reddere
615 3026 746 3084 centres

69 3154 72 3159 ,
110 3095 141 3160 A
159 3102 190 3154 te
209 3093 324 3168 pondus
337 3093 462 3161 habeutr
479 3089 495 3151 d
513 3103 541 3152 te
560 3092 706 3172 gravitatis
722 3095 805 3175 origo
822 3098 872 3166 esi.
947 3179 999 3247 M
