2144 3502
66 210 123 271 xtt
259 185 860 271 PRAEFATIO.

70 373 123 427 ret
140 351 207 427 Vir
222 351 257 429 in
275 351 368 431 tanta
382 350 459 421 luce
476 346 683 424 collocatus:
701 374 742 424 ac
758 378 939 452 praterea,
956 385 976 435 c

69 452 105 526 id
128 450 320 551 postutabat
340 444 380 519 ἃ
404 442 509 540 ipsius
526 445 577 521 tei
595 467 718 520 natura·
737 451 776 524 ἃ
793 459 983 561 diligentia:

69 548 195 642 eloris,
213 572 249 625 ut
264 549 302 619 in
318 540 496 619 consilium
514 544 690 631 adhiberet
704 547 863 628 homines
879 568 912 635 in
930 580 985 633 rna

67 647 303 735 miserabar,
332 642 518 749 dequibus
544 642 730 767 disputatio
753 668 844 738 erat,
879 657 988 750 praesta

68 748 232 833 tiffinros5
265 762 339 817 turn
362 740 388 834 fi
415 742 608 844 quae.forte
631 745 786 819 carmina
811 751 991 831 recitavera

62 868 187 919 eorum
214 840 269 916 vis
290 842 324 915 in
349 840 562 947 audientium
589 844 721 933 animos
739 845 838 918 altius
857 871 994 941 penetra

62 966 124 1018 eos
146 940 360 1038 relinquebat
383 936 543 1034 ¹aculeos,
571 964 609 1018 ut
627 943 806 1025 continere
824 943 888 1037 ipsr
913 946 947 1019 se
964 972 1009 1031 nt

59 1034 218 1139 poss'ent,
246 1043 328 1134 quin
350 1042 472 1116 eadem
493 1065 650 1138 quoque,
678 1061 843 1138 quantum
864 1063 1009 1124 memor,

61 1139 226 1236 consequi
249 1159 431 1229 poterant,
458 1160 692 1236 proponerent
713 1137 859 1212 aliorum
885 1140 1009 1219 admira

61 1238 159 1311 tioni.
211 1239 307 1311 Hinc
333 1237 425 1336 quast
448 1238 620 1332 subreptas
644 1235 777 1311 autiori
791 1251 966 1336 gemmas,
993 1245 1009 1315 ii

62 1354 103 1407 ut
139 1359 245 1434 opera
272 1338 328 1410 sua
351 1334 625 1432 distinguerent„
663 1335 761 1410 ntulti
789 1342 1005 1432 protulerunt

62 1434 147 1506 curn
169 1422 473 1535 Anti-iruer'etium
494 1420 589 1506 noffe
608 1457 689 1529 pars
715 1435 913 1513 urbanitatis
932 1459 1009 1535 puta

61 1551 164 1608 retur.
197 1532 335 1633 Itaque,
358 1528 455 1637 'q'rod
471 1520 607 1633 necess‘e'¹
617 1553 708 1622 erat,
735 1531 867 1622 fautum
883 1532 952 1626 est,
973 1557 1009 1611 ut

61 1629 144 1704 dum
168 1640 231 1727 p'er
256 1652 316 1703 ora
337 1652 527 1727 manusque
550 1630 737 1704 multorun'i
760 1630 875 1704 versus
892 1632 939 1707 illi
955 1636 1009 1708 vo]

60 1751 243 1819 verentur,
271 1729 386 1816 attrita
412 1729 585 1824 quaedam,
621 1730 776 1826 quaedam
806 1729 934 1821 arua,
968 1733 1009 1806 ali

60 1820 258 1924 perturbata
274 1848 332 1900 aut
348 1827 443 1901 varie
465 1827 652 1924 depravata
668 1828 703 1901 in
716 1827 893 1925 publicum
909 1853 1009 1925 perve

22 1942 24 1946 ’
61 1928 197 2015 nerint3
223 1925 388 2000 nonnulla
412 1925 539 2014 etiam,
572 1949 646 2024 quae
674 1927 797 2003 deinde
817 1926 938 2002 autior
962 1929 1009 2025 ipi

60 2025 249 2101 maturiore
266 2016 399 2120 judicio
413 2023 580 2122 ¹perpensa
600 2025 807 2101 immutavit.
861 2027 951 2129 Qua
968 2028 1009 2127 ἰῇ

61 2141 117 2197 tur
134 2121 301 2217 {tatianus
320 2138 370 2197 ex
388 2121 654 2198 Anti-Lucretio
671 2124 843 2211 derivata,
871 2146 938 2199 nee
955 2126 1009 2198 sati

60 2218 212 2312 fircera,
238 2220 357 2316 paffitn
371 2236 598 2310 emanarunt;
624 2242 666 2295 ea
677 2221 748 2317 jam
765 2220 950 2316 integritati
966 2221 1009 2293 sur

31 2372 42 2395 .
58 2321 210 2406 reddita,
237 2336 332 2391 nune
347 2321 383 2393 in
400 2320 470 2416 ipso
488 2319 587 2392 fonte
604 2318 791 2392 haurienda
808 2313 1009 2413 proferimur

109 2417 378 2522 Quanounu-
408 2438 550 2508 autern,
575 2419 639 2514 qui
663 2412 767 2491 libros
792 2414 934 2506 alicujus
955 2427 1009 2512 por

59 2534 208 2593 mortem
241 2514 390 2589 auuons
412 2516 544 2605 edunt,
573 2519 618 2590 de
640 2515 715 2589 vita
732 2510 835 2610 rpnus
849 2512 957 2586 solent
972 2515 1009 2588 ali

59 2615 142 2711 quid
159 2612 317 2713 praefari,
345 2633 383 2688 ut
402 2633 461 2688 aut
477 2614 518 2687 ab
536 2613 678 2687 homine
692 2610 1009 2686 commendationet

60 2716 179 2808 operi,
205 2735 264 2786 aut
287 2717 330 2795 ab
353 2732 460 2807 opere
487 2710 784 2807 laudentlhomini
814 2707 1004 2783 concilient

33 2810 96 2899 *id
127 2834 191 2885 nos
222 2829 340 2888 tamen·
370 2812 499 2884 hocin
525 2813 604 2882 loeo
630 2809 933 2906 supervacaneum
954 2808 1009 2883 for

60 2910 238 2985 duximus.¹
285 2906 383 2988 Talis
413 2907 470 2986 iile
492 2909 560 2982 Vir
587 2904 672 2995 fuit,
708 2927 745 2982 ut
765 2922 823 2980 'tot
849 2908 938 2981 inter
954 2908 1009 3003 eju

60 3009 266 3101 decorate!
291 3011 475 3085 minimum
507 3005 548 3078 stt
569 2998 723 3078 fiotuiffe
744 3005 895 3083 maxima
920 3007 1009 3105 glori

60 3105 231 3186 Poeseos:
270 3129 360 3206 opus
387 3122 504 3187 autem
524 3103 577 3181 est
598 3104 789 3201 ejusmodi,
821 3125 860 3184 ut
884 3104 1009 3218 aliorur
