2144 3502
68 184 125 241 230
237 161 821 228 Anni-nucumve.
925 250 935 269 ‚

68 297 140 356 Hee
159 303 252 352 nutem
269 311 304 353 ex
319 294 378 370 ipso
390 293 498 369 poteris
513 296 689 370 cognoscere
704 298 776 356 visu.

70 371 144 433 Num
158 369 227 431 rndri
243 372 312 429 sucis
325 388 418 431 rerum
433 369 578 430 fimulacra
594 372 720 433 serentes

72 448 211 527 Pupilinnr
228 447 293 521 retii
311 458 475 522 penetrant,
496 461 570 520 quos
590 464 662 506 uvea
677 450 818 524 primurn,

75 527 151 586 Mox
167 541 288 601 aqueus,
308 524 421 584 tandem
438 521 613 598 crystallinus
629 528 732 596 accipit
749 528 872 598 humor.

36 605 121 663 mne
143 601 324 676 divergentee
336 616 483 658 convexus
498 596 615 672 colligit.
647 600 732 658 Unde

76 680 258 739 Concurrunt
275 677 302 734 in
317 675 435 736 sundum
448 674 543 745 oculi,
561 674 737 750 pinguntque
752 680 885 752 cosoree,

73 756 113 816 Et
127 755 232 814 formas
252 754 280 809 in
295 753 433 824 reticulo,
454 751 501 811 seu
513 747 618 830 pyxide
633 750 722 820 nigri.

76 829 286 890 Concutiuntur
303 847 340 889 eo
352 828 468 905 appntsu
487 824 644 886 tenuiffima
655 826 737 883 nervi

76 907 137 968 Fila
151 903 337 976 cohaerentis,
359 900 557 975 cameramqui
572 898 718 975 perforat,
739 914 821 960 ortus

36 984 106 1044 qu
124 979 260 1043 cerebrm
279 997 367 1053 quare
381 982 410 1038 in
429 977 575 1036 cerebrum
589 974 716 1033 defertur
729 977 834 1049 imago.

78 1057 222 1118 Hactenus
242 1054 375 1116 effectum
393 1052 433 1112 est
451 1048 588 1128 quidquid
605 1065 684 1110 mete
697 1053 827 1111 maehina
845 1055 936 1138 possit

77 1135 111 1193 In
129 1129 232 1201 nobis,
254 1132 334 1191 velut
351 1132 381 1189 in
392 1130 495 1188 brutis.
511 1129 681 1207 Quanquam
701 1130 802 1188 ordine
817 1140 893 1186 rutro

77 1210 148 1269 Hec
165 1206 260 1280 fiunt,
278 1203 355 1268 certe
367 1204 461 1265 nostri
474 1204 532 1264 sine
547 1217 643 1265 mente
656 1218 801 1280 geruntur.
881 1244 884 1248 -

79 1287 163 1345 Hanc
175 1283 250 1344 visds
263 1294 371 1359 partem
390 1279 432 1339 sas
446 1280 485 1339 est
501 1279 662 1340 concedere
680 1283 787 1350 brutis;

36 1351 126 1422 mlix
144 1362 200 1435 qud
217 1358 317 1418 diverfi
329 1368 423 1415 motus
444 1356 473 1415 in
486 1357 612 1415 membra
631 1357 798 1432 sequantur:

78 1436 161 1497 Poffe
178 1435 284 1495 etenim
297 1433 358 1492 iieri
372 1430 429 1490 sme
446 1431 614 1506 cognitione
630 1436 778 1507 probatum
792 1432 841 1494 est.

79 1512 179 1574 Astera
197 1512 323 1570 servetur
337 1507 436 1576 nobis,
458 1508 561 1582 quibus
576 1507 688 1583 insuper
708 1510 785 1567 iiiam

77 1588 229 1658 Percipere
246 1582 383 1657 effigiem,
404 1580 540 1642 &nostro
557 1583 728 1643 summittere
740 1585 829 1646 visam

79 1660 206 1738 Judicio,
226 1656 380 1734 multisque
394 1658 487 1716 modis
503 1658 615 1718 versere
629 1656 724 1718 datum
742 1660 791 1718 stt:

36 1738 150 1799 thec
161 1734 338 1809 incorporee
353 1734 492 1810 quoniam
508 1734 570 1795 sunt
583 1735 678 1793 munia
692 1737 806 1799 medus.

115 1885 227 1958 Dm,
247 1903 309 1963 que
324 1884 361 1946 de
380 1901 478 1948 mente
497 1889 613 1965 Sophos
629 1887 759 1949 dubitare
776 1889 865 1949 serini

78 1961 272 2025 Admoneaut.
301 1966 334 2023 ln
355 1981 388 2024 re
402 1965 520 2025 obscuri
539 1965 669 2025 dubitare
683 1967 786 2043 sagacis

79 2038 197 2101 Consilii
215 2041 273 2112 est,
294 2039 421 2100 fraudem
437 2043 540 2103 meritd
561 2059 745 2118 erroremque
765 2045 904 2103 caventis.

80 2116 151 2177 Hec
164 2119 202 2178 ita
221 2117 315 2178 ssnon
335 2116 404 2190 fint,
423 2118 462 2178 ita
474 2117 588 2193 possunt
604 2117 676 2176 eise:
697 2119 794 2194 quod,
816 2121 951 2196 iuquam

36 2192 210 2265 ruSuffietn
233 2205 265 2252 ut
278 2192 368 2252 brutis
383 2194 490 2254 animae
511 2189 671 2253 concedere
691 2195 756 2256 tuto

80 2272 150 2329 Non
165 2270 277 2335 valeas.
298 2269 446 2346 pariatque
465 2284 579 2348 gravem
595 2268 647 2325 tibi
660 2269 775 2344 questio
791 2285 896 2328 curam.

81 2343 230 2479 3uidquid
244 2345 404 2404 air-incerto
419 2347 475 2417 est,
496 2346 635 2404 incertum
648 2345 707 2406 hoc
721 2345 778 2406 effe
794 2346 905 2406 necesse
920 2347 976 2415 est.

114 2420 169 2479 tud
187 2419 271 2495 igitur
284 2419 407 2479 nostram
426 2433 475 2482 tua
487 2420 593 2481 sedunt
610 2418 714 2495 spicula
733 2433 869 2484 mentem.

83 2493 197 2572 siquid
212 2494 322 2569 opinari
337 2508 429 2557 tamen
446 2497 474 2556 dt
486 2492 663 2556 contendere
676 2498 777 2569 melier

37 2573 183 2649 ³5⁰Elige‚
205 2569 370 2648 Pythagore
382 2569 660 2649 semper-florentis,
680 2589 819 2633 mnes-ne

84 2649 200 2710 Carteni
216 2665 296 2724 mage
310 2647 385 2707 clara
404 2649 482 2720 sequi
495 2645 599 2706 vexilla
615 2649 752 2712 recentis3

82 2725 151 2783 Hoc
169 2724 224 2797 est,
245 2736 294 2785 tut
312 2723 400 2783 nullae
419 2722 509 2783 brutia
530 2732 562 2779 tu
579 2722 833 2798 prestrepentes,

80 2800 140 2857 Aut
158 2800 358 2879 incorporeus:
379 2796 490 2867 medii,
514 2810 576 2871 que
589 2795 663 2856 forte
675 2797 815 2873 placeret,

82 2874 154 2934 Non
171 2874 237 2935 licet
251 2880 292 2938 ire
311 2874 372 2934 vit:
392 2872 442 2933 nist
461 2874 503 2932 vis
525 2873 685 2931 recredere
701 2879 810 2945 neutri;

36 2949 78 3004 nrt
89 2951 183 3024 Atque
197 2948 264 3010 seris
280 2953 391 3012 demum
412 2947 559 3010 tenebrosi
577 2948 604 3008 in
618 2950 702 3008 nodie
722 2952 842 3026 resistis,

82 3027 243 3095 ernanum
258 3045 294 3094 ex
307 3029 335 3090 se
349 3026 405 3110 ipit
419 3021 527 3093 eumn
543 3024 702 3090 discernere
717 3045 852 3097 mentem.

954 3182 999 3248 St

76 3236 180 3288 Α.
