2144 3502
272 70 544 190 'arnan
605 109 894 211 sarnus
991 132 1064 190 ‚mu

151 257 230 319 Bella
244 267 364 332 gerunt:
384 255 460 315 acuit
475 265 551 316 totas
565 252 632 313 hinc
645 253 737 314 Gallia
753 252 847 325 vires,

12 333 17 340 ’
100 362 106 368 ·
151 335 249 409 Atque
266 327 345 390 illinc·
356 342 421 391 toto
434 332 587 391 Germania
606 330 712 390 robore
724 339 839 404 pugnat.

101 417 142 466 195
150 410 227 485 Ergo
242 406 291 467 ubi
311 407 421 466 villosas
436 408 560 484 pecudes
576 406 683 466 excivit
700 405 737 464 ad
758 420 834 462 arma

149 485 257 546 Laudis
271 500 351 542 amor
370 481 460 554 ferus,
478 479 656 544 &vincendi
672 497 743 541 caeca
765 478 874 548 libido,
898 553 904 567 ι

148 560 266 620 Plebem
283 557 440 619 iracundam
455 561 548 620 vomit
563 557 690 634 undique
703 569 777 616 terra
791 570 929 615 cavemrs.

149 634 239 694 Ocilrs
255 651 323 695 ecce
333 635 472 694 fremunt:
491 636 571 696 valio
589 635 675 694 micat
690 649 803 722 aquare
816 632 896 691 miles

149 711 314 784 Agminibus
327 710 447 786 prinlum
462 709 556 787 sparsrs
570 722 655 786 atque
667 709 770 771 ordine
788 708 885 773 nullut

99 787 224 846 zooTum
244 788 332 845 varias
347 787 463 857 ineunt,
483 799 563 846 certo
581 788 703 854 restore,
723 783 873 844 cohortes.

150 864 277 937 Utraque
292 864 322 921 in
336 863 440 938 optatis
457 872 578 920 metatur
593 862 678 922 callra
694 859 809 931 viretis,

146 937 347 1014 Expanditque
362 938 425 997 suos
442 937 516 996 acies
531 935 646 996 adversa
662 936 818 1011 maniplos:

145 1014 223 1148 3uin
241 1013 269 1072 dt
285 1015 416 1089 utrinque
430 1029 511 1089 pares
528 1014 652 1083 animos,
672 1012 829 1086 eademque
847 1007 976 1083 videres,

75 1153 78 1158 ⁴
176 1106 215 1147 on
237 1091 294 1150 stne
310 1088 435 1148 terrifico
453 1088 584 1165 strepitu,
604 1087 735 1164 praeludia
752 1103 862 1163 pugnat.
968 1157 970 1161 ‚

91 1183 135 1226 205
147 1165 187 1224 Ut
199 1167 279 1224 Mars
298 1161 429 1222 accensus
449 1177 549 1233 cantu,
568 1163 730 1240 lignumque
746 1161 888 1234 ululatus,

143 1239 206 1299 Ceu
222 1242 289 1298 tuba
302 1254 400 1307 rauca,
420 1236 513 1305 dedita
534 1239 711 1299 concurritur
731 1241 837 1314 impete
851 1254 970 1313 magno,

144 1315 361 1388 Miscenturque
376 1313 462 1388 agiles
477 1326 590 1382 turmae;
609 1315 677 1375 furit
692 1314 780 1374 hostis
795 1314 824 1372 in
840 1311 950 1373 holiem

145 1387 295 1457 Discolor,
318 1385 464 1465 effusoque
478 1389 592 1449 madens
606 1393 688 1450 rubet
702 1391 789 1450 herba
805 1404 923 1447 cruores
1004 1414 1024 1423 ··

147 1463 276 1538 Spesque
288 1478 437 1540 metusque
451 1464 538 1526 modd
546 1467 634 1536 hanc,
642 1467 730 1528 modo
739 1479 846 1540 partem
855 1462 959 1524 deserit
967 1464 1052 1524 illam.

96 1538 177 1597 2100
191 1552 262 1615 quot
276 1539 451 1616 solertesque
464 1541 548 1601 dolos
563 1539 591 1601 dt
610 1542 695 1603 fortia
709 1542 779 1603 satia

149 1616 354 1676 Observantum
370 1617 460 1677 oculis
473 1617 570 1678 adimit
582 1619 742 1678 certaminis
757 1619 873 1677 horror!

146 1693 245 1752 Altera
258 1709 320 1766 pars
336 1693 449 1754 tandem
464 1694 525 1755 sato
538 1694 656 1754 meliore
676 1695 846 1770 triumphat:
907 1702 910 1706 '

146 1769 225 1830 Vitta
240 1766 327 1845 fugit,
348 1770 442 1828 secura
457 1770 555 1845 procul
570 1770 620 1828 sibi
633 1770 735 1845 pabula
753 1784 890 1844 quarens.
985 1789 989 1793 ’

146 1846 210 1906 Nec
223 1844 347 1920 sequitur
364 1843 469 1914 susam,
489 1857 518 1903 at
530 1844 637 1903 deserta
651 1846 753 1906 cubilia
766 1845 868 1904 victrix

96 1922 293 1995 2¹50ccupat3
312 1917 442 1993 &partis
461 1917 572 1993 grassari
586 1919 690 1993 gaudet
706 1923 733 1979 in
748 1921 831 1980 arvis.
935 1968 938 1973 ,

146 1994 254 2056 Verirm
270 1995 298 2052 ln
312 1993 455 2068 captivos,
476 1993 665 2054 Dominorum
681 1992 800 2072 provida
817 1994 901 2053 miras

146 2071 267 2130 Saevitiae
280 2078 396 2128 exercet
408 2083 524 2142 poenas:
542 2068 638 2129 nroella
650 2072 759 2162 agmina
773 2068 903 2129 condunt

146 2143 305 2214 insontis,
324 2155 429 2218 cogunt
450 2161 486 2203 ue
498 2161 597 2205 omnes
609 2145 714 2206 seruire
728 2160 780 2223 per
791 2159 892 2203 annos.

149 2223 244 2296 Atque
267 2219 316 2279 ubi
330 2162 477 2294 tempeffas
492 2221 591 2281 bruma
607 2223 742 2282 veniente
762 2219 890 2298 rigescit,

96 2296 185 2356 nolit
203 2293 372 2372 complenda
384 2307 482 2355 monet
496 2297 570 2357 serto
584 2295 695 2357 cellaria
708 2296 806 2369 soeno,

147 2372 280 2431 Protinus
298 2369 333 2430 ad
350 2370 462 2431 messem
482 2372 589 2433 ducunt
604 2371 710 2435 servata
726 2371 871 2434 serendam

145 2448 308 2524 Mancipia3
328 2445 499 2524 inverllsque
512 2448 601 2509 solum
619 2467 747 2524 premere
764 2463 849 2525 atque
863 2447 966 2526 supinis

147 2525 339 2600 Corporibus,
360 2533 419 2583 tum
435 2539 515 2584 crura
531 2525 632 2597 jubent
644 2527 774 2586 attollere
787 2524 909 2597 sursum,
1023 2572 1027 2578 .

147 2602 277 2680 Quatuor
290 2597 388 2659 erediis
403 2596 525 2675 perstent
541 2612 571 2661 ut
585 2603 708 2678 gramina
721 2603 807 2678 palis:

98 2696 140 2740 aaa
150 2677 219 2736 lude
234 2686 354 2736 onerant
368 2672 512 2749 caudrque
526 2678 640 2737 trahunt
657 2677 807 2736 animantia
820 2675 957 2757 plaustra,

150 2751 294 2828 Eraanue
308 2751 368 2812 vias
385 2751 549 2814 miserorum
565 2765 677 2832 tergore
690 2761 816 2813 verrunt.

188 2903 261 2962 lon
272 2919 391 2966 eacan
409 2919 530 2983 quantus
548 2909 638 2970 brutis
653 2907 840 2967 animantibus
854 2906 940 2972 ardor

151 2976 310 3052 Gignendi‚
320 2982 460 3051 miramur
474 2986 557 3054 irent
576 3003 638 3062 quae
651 2984 739 3059 prolis
760 2982 867 3045 alenda

150 3053 225 3118 Cura
238 3052 286 3128 lit,
306 3072 338 3118 ac
349 3071 468 3122 matrum
481 3062 591 3138 pietas3
610 3072 641 3123 ut
656 3077 774 3198 quque
785 3061 885 3206 ptrlcli
1010 3133 1068 3177 nx
