2144 3502
276 156 508 223 aruum
553 151 805 218 uouus,
864 161 997 230 „w

40 287 74 340 ‘⁷⁵
82 295 150 354 Non
168 289 239 349 velis
253 288 418 365 Zephyros,
438 286 578 364 Zephyris
591 285 638 345 sua
652 285 716 346 vela
730 282 850 358 paravit.
958 302 969 342 t

81 371 133 431 Nil
147 381 224 428 creat
236 383 297 431 arm
316 367 400 425 rebus
413 363 504 426 sollum
520 366 608 425 utitur
619 362 669 422 llla
681 361 793 422 creatis.

121 559 162 620 81
182 559 260 618 Deus
274 555 350 616 haud
366 556 449 626 esset,
470 570 525 613 nec
538 553 567 612 se
578 552 672 630 passim
687 548 745 626 ipse
757 547 915 611 videndum
924 607 926 610 .

83 637 240 703 haberet,
261 650 385 708 quonam
399 633 475 690 hunc
494 641 626 703 poterant
640 629 689 688 fibi
706 629 814 704 fingere
826 629 910 703 pacto

83 710 246 769 Mortales?
264 711 350 769 Mera
362 711 448 767 Mens
463 703 554 765 sensus
565 723 624 767 non
636 703 741 771 affim‘t3
763 703 845 764 ¹illam
869 718 873 723 ·

39 777 76 818 '⁸⁰
84 785 217 847 Reddere
232 804 291 861 quae
306 784 406 861 posit,
425 780 556 841 nonulla
572 781 697 841 occurrit
710 783 816 856 imago.

85 865 156 923 Non
174 861 247 918 hunc
261 861 378 921 adscivit
392 856 455 918 sane
469 858 496 915 in
512 854 558 916 sua
570 870 638 918 vota
657 857 765 927 libido,

86 940 177 1017 Quem
193 937 289 1012 potius
305 937 395 996 veluti
410 933 554 994 censorem
568 933 653 994 exosa
668 932 797 997 severum

85 1013 239 1074 Detresiat
266 1011 398 1090 Superest
412 1023 443 1070 ut
458 1011 548 1069 homo
563 1012 592 1070 vi
607 1008 720 1075 luminis
734 1009 791 1085 ipsa

85 1091 209 1168 Agnorit
223 1089 320 1149 lumen
333 1088 484 1159 summurn,
506 1085 657 1148 &ratione
672 1088 803 1159 coactus,

38 1283 79 1335 ⁸⁸5
124 1280 168 1338 Iu
180 1295 227 1335 nu
248 1294 299 1352 per
311 1276 448 1338 humanas
461 1275 728 1354 gliscentelibldine
741 1285 867 1352 menter,

90 1357 164 1411 Vera
176 1354 232 1411 Dei
248 1351 341 1411 senfim
354 1353 460 1429 species
476 1353 648 1429 squalescere
660 1353 756 1428 coepit
822 1353 825 1359 '

89 1432 165 1489 Nam
178 1428 278 1506 populi
293 1429 448 1490 Dominum
465 1431 566 1501 veriti,
588 1441 616 1489 at
633 1430 696 1505 quis
710 1425 836 1488 funditur
853 1427 922 1490 effer

90 1506 200 1576 obliti,
220 1521 278 1564 non
291 1505 348 1576 lam
361 1517 512 1578 aternum,
534 1522 593 1566 non
608 1504 760 1578 simplicem
777 1504 804 1564 ἃ
822 1520 925 1579 unum,
972 1566 975 1571 ,

91 1581 246 1657 Multiplici
261 1579 338 1642 foede
350 1583 455 1658 pillum
469 1583 586 1642 coluere
605 1583 708 1658 ligura:

38 1664 83 1713 ¹90
91 1658 274 1720 Membratim
289 1658 317 1718 in
336 1661 429 1718 varios
444 1657 500 1717 auli
515 1659 603 1718 dlscer
625 1673 672 1715 ere
686 1656 800 1730 Dlu'os,

90 1739 188 1810 Atque
201 1735 293 1803 Deam
314 1747 400 1810 prout
416 1735 480 1793 usus
497 1747 573 1801 erat,
597 1676 712 1791 AEasrtve
724 1732 848 1810 cupido·

91 1814 180 1871 Venit
195 1809 335 1868 adulatrix
347 1809 374 1865 ἃ
389 1809 475 1867 fallax
495 1811 575 1866 turba
588 1805 738 1867 clientum:

90 1888 157 1946 Huc
174 1883 345 1943 accesserunt
358 1882 472 1959 Sophia
491 1883 622 1956 mysteria
635 1881 730 1953 teila,

92 1965 130 2022 Et
144 1957 310 2018 mirabilium
324 1957 466 2016 inventrix
479 1957 619 2018 Facundia
632 1975 742 2028 rerum,

40 2046 83 2094 aar
93 2033 224 2096 Historia
241 2030 389 2092 mallatura
408 2032 495 2107 fidos,
516 2032 679 2094 &carmina
693 2035 798 2109 Vatum

92 2109 255 2188 ingeniosa,
276 2109 322 2168 uel
337 2107 427 2168 affinis
443 2110 551 2171 Pitlura
564 2109 655 2170 Poisr.

89 2189 150 2325 &a
163 2182 447 2321 quffigatrngaiptrreebur
461 2185 693 2324 βυιιιεὲὶῖῑάεἷε
709 2187 826 2261 creatis,

139 2281 189 2322 ure
275 2281 291 2322 a
404 2280 439 2322 sr
472 2281 517 2324 as:
538 2280 566 2322 vr
605 2281 649 2325 ma
675 2280 765 2324 runco
963 2324 965 2329 ,

93 2340 234 2410 Plurima,
253 2336 299 2397 vel
314 2282 459 2412 monstro?
476 2339 619 2419 lapidique
635 2339 803 2418 hominique
818 2339 947 2407 cadebat.
984 2336 987 2341 ’

42 2433 89 2476 900
97 2418 133 2477 Et
148 2416 309 2477 latratorem
322 2414 429 2491 sapiens
443 2416 582 2495 AEgyptus
596 2418 735 2486 Anubim.
876 2475 878 2481 ,

95 2493 245 2555 Simiolum
260 2505 345 2568 atque
357 2493 483 2562 bouem,
503 2493 696 2570 caulesque&
710 2494 777 2552 vilia
791 2510 878 2575 cepe,

95 2573 134 2632 Et
148 2570 254 2648 pestem
270 2564 329 2628 Nili
344 2567 528 2631 Crocodilum
543 2572 570 2629 in
586 2581 653 2629 vota
672 2573 796 2633 vocavit.

97 2649 140 2704 Ac
154 2649 233 2707 velut
246 2645 347 2706 inferta
359 2643 470 2706 deducti
482 2649 518 2706 ab
531 2647 642 2722 origine
656 2645 725 2715 riui,
765 2656 767 2660 ’
843 2719 845 2722 ¹

97 2720 255 2781 Effundunt
268 2724 375 2800 pellem
389 2719 461 2783 late:
482 2740 533 2781 ceu
550 2723 660 2784 flamma
675 2721 806 2796 vagando

44 2814 86 2859 ,ος
99 2796 220 2866 Crescit,
240 2796 267 2856 ἀ
282 2801 447 2858 innumeros
462 2816 649 2874 prorumpens
662 2801 767 2859 excitat
783 2799 877 2874 ignee,
986 2840 988 2844 .

97 2870 182 2930 Unde
197 2889 289 2944 nova,
312 2876 339 2932 in
362 2891 398 2932 ue
413 2874 498 2933 horas
511 2876 617 2945 majora
633 2874 764 2934 incendia
781 2874 907 2953 surgunt:

98 2948 144 3009 Sic
161 2958 252 3006 toturn
269 2894 372 3036 intollit
386 2949 538 3024 deceptum
554 2949 697 3010 fraudibus
714 2950 840 3016 Orbem·
934 2974 936 2983 ·

98 3023 188 3085 Stulta
201 3022 358 3094 superstitio
373 3043 426 3099 pro
441 3024 602 3100 Relligioue
617 3026 728 3087 subivit.

70 3212 71 3217 W
99 3100 197 3170 illam,
217 3097 357 3177 Epicure,
377 3104 432 3171 uls
449 3103 552 3167 merito
566 3100 828 3238 convellirqzdiclir
932 3146 941 3162 ..
967 3176 1013 3226 Ἦ
