2144 3502
55 161 161 228 “118
269 158 847 228 nitri-Lucrinum&

42 307 45 312 ·
105 291 236 354 includas
257 293 352 353 uitreo
365 293 488 370 plumam
504 294 684 371 lapidemque
699 297 807 367 canali,

104 372 184 429 Aere
202 370 355 434 subtractm
376 369 520 445 plumam,
540 371 718 448 lapidemque
738 374 850 434 videbis

103 445 240 506 'Protinus
260 456 371 521 aequato
385 448 490 522 pariter
505 445 677 506 descendere
697 450 783 524 lapsu.

109 522 197 582 Causa
211 522 289 597 prius
305 520 398 583 fuerat
410 523 576 584 discriminis
591 524 694 582 obvius
710 528 775 598 adr,

55 599 103 658 3⁸0
138 601 166 657 ui
180 597 329 660 findendus
345 599 458 676 utrique
477 601 574 670 venit,
593 598 752 675 plumaque
765 602 895 683 cadenti,

137 677 198 736 uim
220 674 305 748 lapidi
321 674 398 735 certe
413 678 500 754 magis
522 688 608 752 atque
621 675 728 734 diutiirs
743 678 843 738 obstat.
922 724 925 729 .
1011 726 1013 731 .

106 752 163 812 Se'd
180 750 251 809 nihil
265 751 293 809 in
309 753 411 810 Vacuo
423 752 559 830 fungetur
573 759 691 812 munere
704 753 772 811 tall:
920 770 924 779 ·

105 828 251 903 Perpetui)
263 840 427 903 penetratur
447 832 541 903 enim,
561 828 626 888 dum
639 845 742 904 nempe
758 827 864 890 solutus

107 905 152 962 Ac
167 919 262 961 rorem
276 903 405 964 simulans
418 907 592 966 Atomorunr
614 902 720 964 decidit
733 906 833 965 imber.

57 980 186 1060 pssQuin
203 973 288 1039 eiiam
303 982 447 1041 aeternosl
467 982 724 1060 precipitanturab
741 999 821 1051 avo,

107 1058 152 1115 Ac
165 1053 244 1114 srmul
257 1055 409 1117 immensos
424 1071 596 1135 percurrunt
611 1058 715 1117 semina
734 1059 852 1128 traslus,
953 1087 956 1091 ·

106 1129 226 1191 Nullum
242 1131 399 1208 posterius,
416 1135 524 1194 nullutn
538 1135 615 1210 ptius
635 1135 676 1194 ire
691 1134 796 1192 licebit.

105 1209 183 1267 Nam
198 1209 261 1284 quae
277 1209 357 1268 causa
371 1227 479 1272 moram
498 1210 606 1270 laceret
620 1229 671 1289 per
685 1212 768 1270 inane
787 1211 914 1286 quietunr

106 1283 255 1345 Postremi>
269 1284 370 1362 lapsrsi
389 1289 434 1348 Re
456 1289 484 1344 'o
503 1284 617 1346 fortasse
634 1299 743 1346 remota
761 1285 802 1345 est

54 1361 132 1432 nou
154 1362 209 1434 qui
230 1363 420 1436 proveniunt,
435 1305 584 1440 idngique
599 1366 737 1424 remotior
751 1363 799 1421 illa

106 1437 193 1495 Unde
207 1438 302 1511 priora
322 1437 449 1498 cadunt?
468 1439 523 1500 Vel
542 1440 605 1499 sunt
620 1439 725 1501 dimissa
741 1439 887 1513 profundo

25 1573 32 1578 ,
106 1512 228 1571 Tardius
242 1510 388 1571 evacuo?
408 1516 558 1576 Mensuras
574 1517 638 1590 quis
655 1517 726 1574 serat
741 1526 837 1574 autem

105 1585 247 1646 Immenso
263 1588 291 1643 in
312 1589 426 1661 Spatio,
447 1603 532 1667 atque
545 1605 652 1650 aetemo
666 1592 695 1649 in
714 1602 845 1666 tempore
859 1593 929 1653 tales

105 1666 178 1752 Qum
196 1661 378 1733 remfinitam
391 1666 518 1742 signant?
541 1666 613 1745 Quis
631 1668 761 1744 proxima
780 1681 896 1736 centro,

54 1742 175 1800 aststve
189 1748 300 1796 remota
317 1738 397 1813 loca,
420 1755 467 1803 aut
483 1754 609 1802 centrum
625 1744 688 1817 quis
702 1745 790 1802 totius
810 1743 922 1818 ipsum?

104 1813 240 1883 Daedale,
262 1822 444 1896 cur-proprio
457 1833 544 1895 vagus
557 1835 633 1878 erras
654 1821 681 1877 in
703 1818 889 1896 labyrintho?

104 1891 164 1949 Hic
180 1891 292 1952 tibimet
306 1895 353 1953 uia
367 1911 457 1965 caeca,
477 1894 503 1953 dr
519 1893 720 1956 inextricabilis
741 1912 832 1956 error.

71 1975 75 1981 ·
105 1967 186 2026 Dicis
201 1968 228 2027 in
244 1969 380 2031 immenso
394 1974 503 2032 nullum
523 1970 673 2031 consrllere
692 1983 838 2046 centrum,

105 2045 144 2104 Et
158 2044 277 2106 merito:
298 2064 374 2106 nunc
393 2059 425 2106 ut
438 2045 607 2124 praegrandia
621 2064 742 2124 corpora
756 2049 881 2117 formes,

51 2125 137 2199 moin
154 2135 282 2182 centrum
298 2125 425 2183 attrailas
437 2125 560 2184 Atomos
575 2138 748 2182 concurrere
765 2124 852 2182 dicis:

104 2199 241 2259 Centrum
256 2197 310 2271 est,
333 2199 432 2260 &non
447 2199 496 2260 est.
515 2199 626 2275 Pugnas
640 2211 732 2258 tecum
746 2199 823 2274 ipse,
844 2200 971 2262 Lucreti.

142 2351 377 2423 Pandaron,
394 2351 442 2410 vel
456 2350 475 2411 si
490 2350 600 2411 diverso
618 2363 748 2428 tempore
764 2348 821 2406 labi

102 2429 164 2489 siut
177 2423 290 2483 similes>
300 2437 349 2483 aut
367 2427 509 2486 diffimiles
522 2428 659 2503 gravitate
672 2466 683 2498 ‚
704 2424 809 2499 ligura,

104 2501 208 2572 Mose,
228 2499 374 2578 graduque
386 2502 510 2563 Atomos
523 2505 656 2579 punitum
673 2502 701 2559 in
717 2515 871 2560 commune
887 2501 1016 2580 daretur,

52 2581 135 2653 nosln
149 2596 227 2654 quo,
248 2594 301 2638 ceu
318 2577 414 2636 motus
432 2580 544 2654 possent
555 2577 733 2653 requiescere
747 2589 863 2644 centro,

103 2658 174 2715 Non
189 2655 274 2716 talem
288 2653 437 2713 efficerent
449 2653 609 2724 Mundum,
629 2651 742 2729 qualem
757 2649 812 2710 elle
827 2651 966 2715 uidemus.
1011 2658 1017 2690 ³

102 2732 161 2789 Dic
181 2735 229 2791 ubi
246 2732 395 2792 enimvero
420 2746 552 2791 centrum
565 2729 595 2789 id
609 2743 761 2788 commune
780 2731 924 2804 reponas'l

102 2810 137 2867 In
152 2807 247 2868 medio
261 2810 372 2876 Terrae,
393 2806 559 2883 squidem,
583 2817 612 2862 te
624 2805 735 2879 jndice,
756 2803 861 2866 Mundi
963 2834 965 2841 ·

103 2883 233 2941 Nuclcus
253 2887 306 2957 est,
329 2887 357 2943 in
371 2901 430 2960 quo
445 2881 559 2942 subsidit
574 2881 719 2953 funditus,
740 2893 771 2942 ut
786 2881 860 2955 foex,

50 2959 241 3021 410Materies
259 2959 369 3022 crassa?
388 2961 459 3020 illuc
480 2959 559 3036 ergd¹
573 2959 692 3018 confluit
706 2974 793 3018 omne
860 2963 863 2968 '

105 3035 276 3108 seminium,
296 3038 426 3098 &Vacui
439 3040 571 3114 regiones
590 3035 692 3096 deserit
706 3035 793 3096 altas:

104 3113 178 3177 illud
195 3113 336 3191 precipue
350 3114 430 3194 quod
452 3113 557 3179 aculeis
572 3113 681 3179 constat
698 3111 846 3188 schemis,

933 3191 1019 3255 Unde
