2144 3502
228 115 826 245 tunarar-o.
948 134 1032 206 m·

49 295 174 375 fratum
198 291 297 368 omni
322 284 404 363 curri
428 282 576 360 foveret.
629 285 751 383 Itaque
775 309 848 360 rem
873 287 932 363 vel
955 285 1022 384 ipli

30 388 224 491 ,Scriptdri
247 383 423 460 molestam
456 405 498 458 ac
531 379 708 484 difficilem
732 383 880 481 impigre
906 384 1022 460 statim

53 487 229 590 aggreffus
259 482 317 560 est.
383 482 623 590 Quaecumque
652 483 863 579 exemplaria
900 482 1024 579 paffi'm‘

54 595 227 675 abierant,
240 579 478 678 investigare3
503 601 545 653 ea
566 599 641 653 tum
665 581 755 654 inter
770 581 803 655 se
813 599 922 690 ‚ptum
939 589 1020 656 curu

56 685 100 759 iis
122 707 196 783 quae
216 685 257 756 ab
278 680 351 777 ipso
368 676 539 752 Cardinali
560 696 764 773 acceperat,
799 700 1024 774 comparare3

55 783 164 856 locos·
180 780 320 856 eosdem
354 777 474 871 saepius
506 798 547 848 ac
569 777 668 850 varie
691 779 733 851 ab
754 777 896 851 auuore
919 798 1026 853 retra·

58 879 167 953 diacos
181 876 353 975 pensitare
372 873 478 948 etiam
496 886 598 970 atque
613 876 737 962 etiarn,
765 894 802 965 ut
813 873 1030 967 'postremam

57 977 159 1073 ipsius
181 999 324 1052 manum
355 972 580 1070 agnoscerem
622 992 735 1047 totum
756 975 885 1047 Pu'e'ma
911 975 1032 1052 crebra

55 1074 205 1152 tertioue
222 1092 465 1168 concoquere,
492 1091 534 1142 ac
548 1089 668 1146 mente
683 1071 721 1146 ἂ
737 1073 906 1146 memoria
932 1095 1031 1147 com·

58 1173 273 1269 prehendere
290 1170 509 1254 universum3
535 1188 609 1242 tum
624 1168 761 1245 concisa
777 1170 973 1247 minutatim
989 1191 1032 1279 ac

58 1272 132 1346 srne
154 1271 223 1344 ulla
248 1269 331 1342 notai
343 1264 782 1343 confusa-innumerabilia
802 1263 877 1340 fere
899 1269 1032 1346 'addita-

59 1389 200 1459 menta‚
235 1364 329 1466 quast
354 1362 497 1461 disjecta
522 1387 622 1441 tantae
645 1365 746 1439 molis
771 1371 957 1460 membra,
988 1367 1032 1443 ad

60 1490 167 1566 quem
190 1466 349 1565 quodque
371 1463 487 1536 locum
511 1483 630 1538 natum
654 1460 758 1551 effer,
783 1463 818 1537 in
840 1489 885 1538 eo
909 1465 957 1539 fic
981 1468 1033 1540 in*

61 1567 218 1652 cludere,
246 1583 283 1637 ut
307 1561 529 1660 quadrarent:
560 1562 637 1636 haec
653 1559 692 1635 dc
708 1563 772 1637 alia
797 1563 968 1660 ejusmodi
989 1588 1033 1639 eo

62 1663 141 1762 plus
162 1663 350 1737 habuerunt
366 1658 511 1750 laboris,
526 1682 607 1831 fl‹puo
622 1661 732 1759 magis
756 1666 899 1736 tacitum
916 1661 956 1736 ἃ
972 1664 1035 1737 οὺὲ

60 1762 211 1836 scurum.
261 1758 300 1833 Id
314 1776 429 1833 autem
448 1777 525 1832 ute
563 1777 676 1848 cerer,
702 1756 895 1834 induendus
910 1761 957 1834 illi
971 1761 1037 1835 fuit

65 1858 139 1954 ipse
153 1857 338 1953 Scriptoris
354 1855 506 1930 animus:
532 1855 625 1950 quod
645 1856 782 1952 quidem
798 1855 923 1955 affequi
939 1858 1034 1933 nullo

66 1955 210 2052 negotio
233 1971 396 2047 poterat,
430 1972 569 2051 propter
589 1952 729 2028 eximiae
760 1953 882 2042 indolis
906 1980 950 2030 co
1001 1982 1036 2032 a·

68 2054 214 2126 tionem.
262 2049 358 2122 Nam
382 2072 544 2148 germana
568 2051 603 2124 iu
628 2071 773 2150 utroque
796 2052 928 2151 ingenii
951 1981 1036 2130 finci·

66 2151 165 2240 litas,
190 2148 379 2248 elegantia,
407 2151 563 2223 ubertas:
595 2147 643 2223 ita
668 2169 704 2222 ut
727 2173 814 2247 opus
837 2153 947 2249 ipsum
966 2173 1035 2228 tra·

67 2249 153 2324 dlari
177 2247 212 2324 se
237 2270 308 2321 non
332 2247 469 2320 sentiret
493 2247 603 2321 aliena
627 2269 753 2335 manu3
779 2270 845 2322 nec
865 2269 934 2324 tam
951 2249 1036 2327 ami·

38 2427 41 2434 ,
67 2371 129 2422 cus
146 2345 309 2435 auctoris,
335 2344 440 2443 quim
456 2344 576 2421 auctor
590 2345 659 2444 ipse
675 2344 738 2419 srbi
755 2345 920 2442 superstes
935 2349 1041 2426 eden·

66 2447 114 2522 do
129 2442 390 2519 Anti-Lucretio
414 2444 612 2520 incumbere
635 2444 819 2521 videretur.
1025 2482 1029 2487 ·

117 2543 158 2618 N
165 2565 216 2619 ac
248 2561 363 2616 tamen
386 2539 445 2615 suo
472 2541 573 2621 unius
598 2542 738 2618 arbitrio
762 2541 854 2618 stetit
877 2543 1037 2621 Rotheli·

69 2663 144 2717 nus.
195 2638 460 2736 Peropportune}
474 2639 511 2712 in
529 2639 675 2713 Galliam
699 2641 885 2716 adduxerat
900 2640 1036 2721 strenua

69 2736 192 2814 doetus
229 2740 387 2814 homines
420 2735 645 2833 pernoscendi
668 2735 839 2836 cupiditas
864 2739 1036 2816 illustriffi·

69 2857 167 2907 mum
190 2837 360 2911 Abbatem
386 2835 526 2924 uetari,
558 2856 767 2933 perpetuum
792 2836 1035 2917 Universrtatis

69 2927 199 3009 Pisanae
213 2930 420 3022 Rectorem
441 2934 594 3030 qui-cum
613 2933 774 3031 plurimas
788 2933 937 3035 Europae
952 2962 1038 3036 gen·

60 3049 140 3119 tes,
168 3027 274 3106 nobili
287 3031 452 3140 dpdlrinae
466 3035 681 3112 commercio
691 3031 916 3174 greumiret,
932 3061 1034 3134 quam

75 3167 78 3174 ·
763 3155 795 3228 5·
990 3136 1050 3202 (e.-
