2144 3502
205 180 211 189 .
275 138 497 205 LIBER
554 135 933 239 Quirinus·
988 167 996 215 l

78 347 81 352 ,
128 272 234 336 Donec
246 290 294 333 eas
309 272 409 349 aliquis
428 268 542 330 tandem
556 271 666 346 liquor,
687 285 734 333 aut
750 291 840 349 vapor
858 278 934 355 ignls

72 355 255 419 ⁴¹⁶lmbuar,
278 367 310 408 ac
324 348 416 408 senfim
429 361 579 420 penetrans
598 349 741 408 discedere
756 362 853 425 cogat.

128 427 286 496 Distrsslae
308 424 399 482 subitb
412 419 499 498 prisct
519 423 556 483 de
573 423 636 484 sede
650 439 819 486 moventur:

128 500 257 574 Corpora
275 516 343 562 tunc
362 499 458 559 videas
479 496 660 568 mollescere,
681 501 751 577 sepe
769 499 880 576 liquari.
967 568 970 575 p

125 578 165 634 At
180 578 249 636 verb
262 578 336 637 intus
350 577 456 635 habent
476 589 570 650 partes
584 577 760 651 liquidlffima
779 579 882 648 fluxas,
955 586 959 598 ’

127 653 164 709 itt
183 653 308 728 fragiles,
329 670 362 710 ac
376 656 512 727 perpetui
529 655 668 726 vertigine
683 669 789 721 motas3

69 727 193 804 415Quae
207 742 308 790 teretes
321 729 385 787 clim
404 727 471 791 smt.
492 743 639 801 nequeunt
656 746 709 803 per
728 742 824 790 mutua
837 729 928 808 nesii,

121 804 254 881 Quamvis
274 805 425 878 contigue.
449 800 614 876 semperque
627 816 756 865 tertmtur
768 806 873 869 eundo.

121 879 225 939 Mollia
247 881 294 940 sed
307 879 407 954 partim
428 876 490 935 sunt
504 878 590 947 dura,
613 879 751 955 liquentia
770 883 888 958 partlm:

120 954 150 1011 N
152 968 235 1016 sturae
249 957 384 1030 ambigue
393 971 413 1019 3·
422 953 488 1027 quia
503 952 603 1011 mixtas
626 956 727 1014 ordine
741 968 848 1030 partes*

121 1031 163 1088 Ex
177 1045 300 1106 utroque
321 1040 420 1091 terrent
442 1045 572 1102 genere,
592 1029 763 1105 alternisque
776 1031 899 1104 locatam

67 1107 163 1173 'qroslc
177 1105 251 1164 durae
266 1105 358 1163 fluidis
379 1103 550 1178 minimeque
570 1107 772 1181 tenacibusque
787 1106 862 1166 inter

119 1180 146 1238 T
149 1197 270 1240 exuritur
288 1179 427 1252 globulis,
447 1195 568 1255 quorum
583 1182 729 1240 conflante
741 1181 858 1245 rlciliim

117 1255 285 1313 Mobilitate
304 1252 441 1326 fremunt,
463 1268 631 1333 motumque
650 1257 748 1332 quiete
761 1256 914 1320 retardant

156 1403 243 1463 linc
264 1403 303 1464 ita
318 1401 381 1464 cbm
396 1406 514 1479 fuerint,
536 1405 613 1467 certe
627 1407 697 1466 nibil
709 1406 766 1467 effe
778 1405 891 1469 videtur

118 1479 148 1536 In
166 1481 196 1538 vi
216 1481 368 1554 Materiae,
379 1480 459 1557 quod
469 1499 528 1542 non
549 1499 694 1556 exponere
711 1483 811 1560 possim

63 1555 169 1621 sullis
184 1555 289 1617 tautum
303 1557 443 1632 adduflis,
464 1559 601 1633 posituri,
621 1560 713 1630 mole,
732 1559 834 1636 figure,

115 1632 152 1690 Et
173 1646 272 1705 motu,
292 1634 318 1695 ἃ
335 1637 442 1710 requie.
464 1636 521 1694 Cur
539 1634 618 1710 arida
635 1650 798 1701 concremet
812 1635 900 1710 ignis:

115 1706 173 1767 Cur
186 1711 291 1784 lignum
312 1713 340 1770 in
355 1711 480 1780 cineres,
500 1711 529 1767 in
544 1711 649 1769 calcem
669 1709 732 1772 saxa
749 1711 887 1773 resolvatr

115 1781 176 1842 Cor*
190 1786 293 1844 filicem
310 1789 338 1844 in
358 1786 461 1842 vitrum
476 1797 581 1850 uersata
601 1801 651 1845 cur
662 1786 733 1867 toste
749 1788 864 1855 metalla

112 1859 143 1917 In
164 1860 300 1933 liquidum
318 1858 441 1917 flumen:
460 1873 509 1915 cur
530 1857 625 1917 limum
640 1859 769 1928 induret,
793 1863 893 1921 abesto

61 1933 259 2013 4³0Quidquid
272 1945 332 1991 erat
344 1931 477 2005 lymphae:
501 1940 552 1989 c'ur'
573 1933 700 1997 extrahat
713 1935 810 1994 intima
823 1952 917 1999 rerum

111 2008 266 2080 Princlpla;
288 2006 442 2066 &flammis
459 2005 555 2066 oleosa
569 2008 734 2067 micantibus
749 2021 834 2068 ornet
852 2042 854 2047 <

110 2078 274 2153 Rodendo,
293 2082 400 2142 interea
412 2083 541 2158 spargens
556 2083 789 2158 circumundique
808 2082 918 2152 lumem

111 2157 218 2216 Cetera
232 2155 297 2217 dum
313 2157 433 2218 candent
446 2161 483 2217 ab
502 2177 554 2230 eo,
576 2157 722 2219 tantumve
742 2155 909 2218 rubescunt:

111 2234 167 2294 Cur
187 2232 249 2293 aliis
265 2234 335 2294 vero
349 2251 452 2295 cecum
473 2234 529 2295 fine
543 2235 606 2295 luce
620 2235 743 2295 calorem

57 2309 256 2382 sssrnfundat,
278 2310 436 2386 mediisque
451 2310 566 2370 ardores
583 2323 721 2388 temperet
735 2310 834 2373 undis:
917 2354 920 2361 ι

109 2391 171 2446 Cur
192 2386 218 2444 dr
234 2388 366 2447 conflislu
381 2385 503 2463 lapidum
518 2387 658 2461 ferrique,
679 2387 798 2465 repente

107 2462 250 2529 Prossliatt
270 2463 370 2538 gelidis
390 2480 423 2521 ac
440 2462 515 2524 sorte
529 2462 688 2536 liquoribus
702 2465 758 2525 und

108 2539 271 2616 Congeslis,
290 2537 399 2604 fumum
414 2536 441 2598 dt
455 2538 594 2599 flammam
613 2555 677 2598 curu
691 2555 834 2602 murmure
853 2542 980 2618 prodeta

107 2615 250 2677 Horrifico
266 2614 378 2678 tandem
399 2633 448 2676 cur
462 2616 567 2692 impete
588 2615 712 2674 fulminis
727 2618 825 2690 acius,

58 2688 180 2746 ⁴⁴⁰Tam
197 2692 319 2759 volucris
333 2704 396 2750 ruat
409 2694 439 2751 in
459 2703 560 2760 terres,
583 2689 694 2767 fulgore
709 2693 827 2752 corusco

109 2760 268 2825 Percellens
281 2768 400 2834 oculos;
418 2768 631 2844 vehemensque
644 2767 782 2843 agilisque
797 2777 905 2831 meatus

109 2836 146 2890 Vi
163 2842 237 2923 tanta
251 2855 399 2915 penetret,
421 2843 488 2920 sepe
503 2858 534 2904 ut
554 2843 703 2922 (mirabile
717 2842 812 2922 distu)

107 2907 215 2982 Vagrni
234 2924 329 2978 totum¹¹
340 2919 420 2979 illesi
435 2921 612 2995 liquefecerit
625 2922 735 2981 ensem:

50 3038 58 3071 3
106 2985 216 3074 Haecdt
233 2987 312 3060 plura
331 2998 429 3064 etiam,
450 3015 512 3072 quae
530 2999 626 3057 cunila
644 2996 749 3055 referre
764 2997 891 3078 pigeret,

53 3084 96 3131 sss
106 3061 166 3139 Jam
181 3060 285 3139 video,
297 3064 381 3142 ,fuel
398 3084 487 3160 etque
503 3074 594 3139 obelis
607 3074 798 3209 pungentibus
812 3075 908 3154 ignem
927 3149 960 3204 Y
