<?xml version="1.0" encoding="UTF-8"?>
<!DOCTYPE html PUBLIC "-//W3C//DTD XHTML 1.0 Transitional//EN"
    "http://www.w3.org/TR/xhtml1/DTD/xhtml1-transitional.dtd">
<html xmlns="http://www.w3.org/1999/xhtml" xml:lang="en" lang="en">
 <head>
  <title>
</title>
<meta http-equiv="Content-Type" content="text/html;charset=utf-8" />
  <meta name='ocr-system' content='tesseract 3.04.00' />
  <meta name='ocr-capabilities' content='ocr_page ocr_carea ocr_par ocr_line ocrx_word'/>
</head>
<body>
  <div class='ocr_page' id='page_1' title='image "./antilucretiussi00poligoog_0155.png"; bbox 0 0 2144 3502; ppageno 0'>
   <div class='ocr_carea' id='block_1_1' title="bbox 221 145 1007 229">
    <p class='ocr_par' dir='ltr' id='par_1_1' title="bbox 221 145 1007 229">
     <span class='ocr_line' id='line_1_1' title="bbox 221 145 1007 229; baseline 0 -12"><span class='ocrx_word' id='word_1_1' title='bbox 221 146 449 217; x_wconf 70' lang='lat' dir='ltr'><strong>erana</strong></span> <span class='ocrx_word' id='word_1_2' title='bbox 513 145 1007 229; x_wconf 56' lang='lat' dir='ltr'><strong>quantusfvm</strong></span> 
     </span>
    </p>
   </div>
   <div class='ocr_carea' id='block_1_2' title="bbox 10 279 1014 2629">
    <p class='ocr_par' dir='ltr' id='par_1_2' title="bbox 26 279 1008 518">
     <span class='ocr_line' id='line_1_2' title="bbox 26 279 933 363; baseline -0.006 -16"><span class='ocrx_word' id='word_1_3' title='bbox 26 340 29 347; x_wconf 21' lang='grc' dir='ltr'><strong><em>Δ</em></strong></span> <span class='ocrx_word' id='word_1_4' title='bbox 98 286 224 363; x_wconf 61' lang='lat' dir='ltr'><strong>&amp;epora</strong></span> <span class='ocrx_word' id='word_1_5' title='bbox 237 282 303 342; x_wconf 80' lang='lat' dir='ltr'><strong>curn</strong></span> <span class='ocrx_word' id='word_1_6' title='bbox 317 297 415 338; x_wconf 82' lang='lat' dir='ltr'><strong>cernas</strong></span> <span class='ocrx_word' id='word_1_7' title='bbox 427 296 629 357; x_wconf 88' lang='lat' dir='ltr'><strong>nonnunquam</strong></span> <span class='ocrx_word' id='word_1_8' title='bbox 642 279 791 342; x_wconf 83' lang='lat' dir='ltr'><strong>ascendere</strong></span> <span class='ocrx_word' id='word_1_9' title='bbox 807 279 933 341; x_wconf 73' lang='lat' dir='ltr'><strong>sursum?</strong></span> 
     </span>
     <span class='ocr_line' id='line_1_3' title="bbox 98 357 1008 430; baseline -0.009 -8"><span class='ocrx_word' id='word_1_10' title='bbox 98 365 201 422; x_wconf 86' lang='lat' dir='ltr'><strong>Nonne</strong></span> <span class='ocrx_word' id='word_1_11' title='bbox 215 362 297 417; x_wconf 86' lang='lat' dir='ltr'><strong>leves</strong></span> <span class='ocrx_word' id='word_1_12' title='bbox 312 357 449 427; x_wconf 83' lang='lat' dir='ltr'><strong>flammas,</strong></span> <span class='ocrx_word' id='word_1_13' title='bbox 470 359 545 416; x_wconf 87' lang='lat' dir='ltr'><strong>levia</strong></span> <span class='ocrx_word' id='word_1_14' title='bbox 566 358 624 414; x_wconf 86' lang='lat' dir='ltr'><strong>haec</strong></span> <span class='ocrx_word' id='word_1_15' title='bbox 639 358 782 418; x_wconf 88' lang='lat' dir='ltr'><strong>iimulaera</strong></span> <span class='ocrx_word' id='word_1_16' title='bbox 795 357 913 430; x_wconf 85' lang='lat' dir='ltr'><strong>putasti,</strong></span> <span class='ocrx_word' id='word_1_17' title='bbox 993 368 1008 423; x_wconf 74' lang='lat' dir='ltr'><strong>&#39;t</strong></span> 
     </span>
     <span class='ocr_line' id='line_1_4' title="bbox 98 430 810 518; baseline -0.007 -22"><span class='ocrx_word' id='word_1_18' title='bbox 98 439 172 518; x_wconf 87' lang='lat' dir='ltr'><strong>Quas</strong></span> <span class='ocrx_word' id='word_1_19' title='bbox 194 435 286 494; x_wconf 83' lang='lat' dir='ltr'><strong>veluti</strong></span> <span class='ocrx_word' id='word_1_20' title='bbox 302 449 393 492; x_wconf 88' lang='lat' dir='ltr'><strong>rerum</strong></span> <span class='ocrx_word' id='word_1_21' title='bbox 414 434 546 504; x_wconf 84' lang='lat' dir='ltr'><strong>exuvias,</strong></span> <span class='ocrx_word' id='word_1_22' title='bbox 566 430 594 490; x_wconf 70' lang='grc' dir='ltr'>ἃ</span> <span class='ocrx_word' id='word_1_23' title='bbox 614 434 729 510; x_wconf 82' lang='lat' dir='ltr'><strong>limpida</strong></span> <span class='ocrx_word' id='word_1_24' title='bbox 743 433 810 491; x_wconf 87' lang='lat' dir='ltr'><strong>vela</strong></span> 
     </span>
    </p>

    <p class='ocr_par' dir='ltr' id='par_1_3' title="bbox 45 509 731 584">
     <span class='ocr_line' id='line_1_5' title="bbox 45 509 731 584; baseline -0.007 -11"><span class='ocrx_word' id='word_1_25' title='bbox 45 514 236 573; x_wconf 38' lang='lat' dir='ltr'><strong>*tenudteras</strong></span> <span class='ocrx_word' id='word_1_26' title='bbox 252 510 335 568; x_wconf 71' lang='lat' dir='ltr'><strong>fluctu</strong></span> <span class='ocrx_word' id='word_1_27' title='bbox 347 509 440 584; x_wconf 88' lang='lat' dir='ltr'><strong>passim</strong></span> <span class='ocrx_word' id='word_1_28' title='bbox 457 511 579 569; x_wconf 86' lang='lat' dir='ltr'><strong>volitare</strong></span> <span class='ocrx_word' id='word_1_29' title='bbox 598 512 731 582; x_wconf 86' lang='lat' dir='ltr'><strong>perenni,</strong></span> 
     </span>
    </p>

    <p class='ocr_par' dir='ltr' id='par_1_4' title="bbox 99 583 865 661">
     <span class='ocr_line' id='line_1_6' title="bbox 99 583 865 661; baseline -0.01 -13"><span class='ocrx_word' id='word_1_30' title='bbox 99 592 138 648; x_wconf 86' lang='lat' dir='ltr'><strong>Ut</strong></span> <span class='ocrx_word' id='word_1_31' title='bbox 158 586 276 646; x_wconf 89' lang='lat' dir='ltr'><strong>veniant</strong></span> <span class='ocrx_word' id='word_1_32' title='bbox 291 585 379 645; x_wconf 80' lang='lat' dir='ltr'><strong>oculis</strong></span> <span class='ocrx_word' id='word_1_33' title='bbox 397 585 494 644; x_wconf 78' lang='lat' dir='ltr'><strong>forme</strong></span> <span class='ocrx_word' id='word_1_34' title='bbox 515 601 609 643; x_wconf 88' lang='lat' dir='ltr'><strong>rerum</strong></span> <span class='ocrx_word' id='word_1_35' title='bbox 628 599 714 661; x_wconf 86' lang='lat' dir='ltr'><strong>atque</strong></span> <span class='ocrx_word' id='word_1_36' title='bbox 729 583 865 656; x_wconf 87' lang='lat' dir='ltr'><strong>colores,</strong></span> 
     </span>
    </p>

    <p class='ocr_par' dir='ltr' id='par_1_5' title="bbox 28 660 1014 950">
     <span class='ocr_line' id='line_1_7' title="bbox 28 660 1005 736; baseline -0.012 -11"><span class='ocrx_word' id='word_1_37' title='bbox 28 724 31 731; x_wconf 87' lang='grc'><em>,</em></span> <span class='ocrx_word' id='word_1_38' title='bbox 99 670 142 725; x_wconf 80' lang='lat' dir='ltr'><strong>Ac</strong></span> <span class='ocrx_word' id='word_1_39' title='bbox 161 662 226 721; x_wconf 84' lang='lat' dir='ltr'><strong>visae</strong></span> <span class='ocrx_word' id='word_1_40' title='bbox 240 662 336 720; x_wconf 89' lang='lat' dir='ltr'><strong>somno</strong></span> <span class='ocrx_word' id='word_1_41' title='bbox 354 662 384 720; x_wconf 90' lang='lat' dir='ltr'><strong>in</strong></span> <span class='ocrx_word' id='word_1_42' title='bbox 400 661 496 720; x_wconf 86' lang='lat' dir='ltr'><strong>medio</strong></span> <span class='ocrx_word' id='word_1_43' title='bbox 511 660 569 718; x_wconf 90' lang='lat' dir='ltr'><strong>srue</strong></span> <span class='ocrx_word' id='word_1_44' title='bbox 584 678 665 719; x_wconf 93' lang='lat' dir='ltr'><strong>more</strong></span> <span class='ocrx_word' id='word_1_45' title='bbox 684 660 802 736; x_wconf 72' lang='lat' dir='ltr'><strong>figure?</strong></span> <span class='ocrx_word' id='word_1_46' title='bbox 1002 702 1005 713; x_wconf 94' lang='lat'>.</span> 
     </span>
     <span class='ocr_line' id='line_1_8' title="bbox 98 733 1014 815; baseline 0.001 -17"><span class='ocrx_word' id='word_1_47' title='bbox 98 741 234 811; x_wconf 87' lang='lat' dir='ltr'><strong>Namque</strong></span> <span class='ocrx_word' id='word_1_48' title='bbox 248 737 304 796; x_wconf 87' lang='lat' dir='ltr'><strong>hoe</strong></span> <span class='ocrx_word' id='word_1_49' title='bbox 318 751 364 808; x_wconf 89' lang='lat' dir='ltr'><strong>te,</strong></span> <span class='ocrx_word' id='word_1_50' title='bbox 377 754 539 814; x_wconf 85' lang='lat' dir='ltr'><strong>quanquam</strong></span> <span class='ocrx_word' id='word_1_51' title='bbox 554 735 652 793; x_wconf 86' lang='lat' dir='ltr'><strong>falsum</strong></span> <span class='ocrx_word' id='word_1_52' title='bbox 666 737 719 806; x_wconf 88' lang='lat' dir='ltr'><strong>est,</strong></span> <span class='ocrx_word' id='word_1_53' title='bbox 734 741 859 797; x_wconf 84' lang='lat' dir='ltr'><strong>docuere</strong></span> <span class='ocrx_word' id='word_1_54' title='bbox 872 733 1014 815; x_wconf 76' lang='lat' dir='ltr'><strong>magistri.</strong></span> 
     </span>
     <span class='ocr_line' id='line_1_9' title="bbox 99 810 897 950; baseline 0 -78"><span class='ocrx_word' id='word_1_55' title='bbox 99 817 177 950; x_wconf 53' lang='lat' dir='ltr'><strong>ssuin</strong></span> <span class='ocrx_word' id='word_1_56' title='bbox 190 831 257 890; x_wconf 83' lang='lat' dir='ltr'><strong>age,</strong></span> <span class='ocrx_word' id='word_1_57' title='bbox 275 831 376 874; x_wconf 88' lang='lat' dir='ltr'><strong>nonne</strong></span> <span class='ocrx_word' id='word_1_58' title='bbox 393 814 474 871; x_wconf 86' lang='lat' dir='ltr'><strong>leves</strong></span> <span class='ocrx_word' id='word_1_59' title='bbox 491 814 661 869; x_wconf 84' lang='lat' dir='ltr'><strong>Atomorum</strong></span> <span class='ocrx_word' id='word_1_60' title='bbox 677 810 746 872; x_wconf 83' lang='lat' dir='ltr'><strong>dieis</strong></span> <span class='ocrx_word' id='word_1_61' title='bbox 759 829 897 887; x_wconf 81' lang='lat' dir='ltr'><strong>acervos,</strong></span> 
     </span>
    </p>

    <p class='ocr_par' dir='ltr' id='par_1_6' title="bbox 54 887 831 959">
     <span class='ocr_line' id='line_1_10' title="bbox 54 887 831 959; baseline -0.001 -11"><span class='ocrx_word' id='word_1_62' title='bbox 54 889 92 937; x_wconf 66' lang='lat'><strong>⁸⁹⁵</strong></span> <span class='ocrx_word' id='word_1_63' title='bbox 128 890 218 949; x_wconf 85' lang='lat' dir='ltr'><strong>aribus</strong></span> <span class='ocrx_word' id='word_1_64' title='bbox 232 889 304 950; x_wconf 91' lang='lat' dir='ltr'><strong>unde</strong></span> <span class='ocrx_word' id='word_1_65' title='bbox 324 890 379 948; x_wconf 87' lang='lat' dir='ltr'><strong>tuis</strong></span> <span class='ocrx_word' id='word_1_66' title='bbox 400 890 531 948; x_wconf 83' lang='lat' dir='ltr'><strong>volucres</strong></span> <span class='ocrx_word' id='word_1_67' title='bbox 546 887 694 946; x_wconf 84' lang='lat' dir='ltr'><strong>nascuntur</strong></span> <span class='ocrx_word' id='word_1_68' title='bbox 709 888 831 959; x_wconf 88' lang='lat' dir='ltr'><strong>odores,</strong></span> 
     </span>
    </p>

    <p class='ocr_par' dir='ltr' id='par_1_7' title="bbox 56 964 933 2324">
     <span class='ocr_line' id='line_1_11' title="bbox 102 964 878 1043; baseline -0.003 -19"><span class='ocrx_word' id='word_1_69' title='bbox 102 965 193 1024; x_wconf 88' lang='lat' dir='ltr'><strong>Uvida</strong></span> <span class='ocrx_word' id='word_1_70' title='bbox 210 982 283 1043; x_wconf 91' lang='lat' dir='ltr'><strong>quos</strong></span> <span class='ocrx_word' id='word_1_71' title='bbox 299 965 404 1025; x_wconf 87' lang='lat' dir='ltr'><strong>florum</strong></span> <span class='ocrx_word' id='word_1_72' title='bbox 420 964 529 1036; x_wconf 87' lang='lat' dir='ltr'><strong>jaciunt</strong></span> <span class='ocrx_word' id='word_1_73' title='bbox 541 965 701 1039; x_wconf 86' lang='lat' dir='ltr'><strong>pigmenta,</strong></span> <span class='ocrx_word' id='word_1_74' title='bbox 723 964 768 1022; x_wconf 87' lang='lat' dir='ltr'><strong>vei</strong></span> <span class='ocrx_word' id='word_1_75' title='bbox 784 965 878 1022; x_wconf 74' lang='lat' dir='ltr'><strong>herbar</strong></span> 
     </span>
     <span class='ocr_line' id='line_1_12' title="bbox 100 1039 885 1118; baseline -0.006 -17"><span class='ocrx_word' id='word_1_76' title='bbox 100 1044 273 1118; x_wconf 77' lang='lat' dir='ltr'><strong>Fragrtntes&#39;3</strong></span> <span class='ocrx_word' id='word_1_77' title='bbox 294 1042 359 1117; x_wconf 93' lang='lat' dir='ltr'><strong>qui·</strong></span> <span class='ocrx_word' id='word_1_78' title='bbox 371 1059 406 1099; x_wconf 81' lang='lat' dir='ltr'><strong>ue</strong></span> <span class='ocrx_word' id='word_1_79' title='bbox 424 1040 572 1098; x_wconf 87' lang='lat' dir='ltr'><strong>arboribus</strong></span> <span class='ocrx_word' id='word_1_80' title='bbox 588 1039 741 1098; x_wconf 84' lang='lat' dir='ltr'><strong>Nabathaea</strong></span> <span class='ocrx_word' id='word_1_81' title='bbox 753 1057 804 1114; x_wconf 91' lang='lat' dir='ltr'><strong>per</strong></span> <span class='ocrx_word' id='word_1_82' title='bbox 818 1056 885 1097; x_wconf 88' lang='lat' dir='ltr'><strong>arva</strong></span> 
     </span>
     <span class='ocr_line' id='line_1_13' title="bbox 100 1114 874 1190; baseline -0.009 -13"><span class='ocrx_word' id='word_1_83' title='bbox 100 1119 248 1177; x_wconf 88' lang='lat' dir='ltr'><strong>Destiiiant</strong></span> <span class='ocrx_word' id='word_1_84' title='bbox 263 1118 356 1180; x_wconf 89' lang='lat' dir='ltr'><strong>succi;</strong></span> <span class='ocrx_word' id='word_1_85' title='bbox 377 1115 537 1190; x_wconf 84' lang='lat' dir='ltr'><strong>nardusque</strong></span> <span class='ocrx_word' id='word_1_86' title='bbox 558 1115 586 1174; x_wconf 80' lang='lat' dir='ltr'><strong>bt</strong></span> <span class='ocrx_word' id='word_1_87' title='bbox 610 1117 714 1190; x_wconf 86' lang='lat' dir='ltr'><strong>pocuta</strong></span> <span class='ocrx_word' id='word_1_88' title='bbox 735 1114 874 1187; x_wconf 73' lang='lat' dir='ltr'><strong>myrrha?</strong></span> 
     </span>
     <span class='ocr_line' id='line_1_14' title="bbox 101 1189 933 1267; baseline -0.005 -15"><span class='ocrx_word' id='word_1_89' title='bbox 101 1195 193 1253; x_wconf 81' lang='lat' dir='ltr'><strong>Aurea</strong></span> <span class='ocrx_word' id='word_1_90' title='bbox 205 1195 256 1252; x_wconf 83' lang='lat' dir='ltr'><strong>lux</strong></span> <span class='ocrx_word' id='word_1_91' title='bbox 269 1190 391 1266; x_wconf 85' lang='lat' dir='ltr'><strong>pariter,</strong></span> <span class='ocrx_word' id='word_1_92' title='bbox 412 1209 495 1267; x_wconf 89' lang='lat' dir='ltr'><strong>quam</strong></span> <span class='ocrx_word' id='word_1_93' title='bbox 515 1190 556 1250; x_wconf 92' lang='lat' dir='ltr'><strong>sol</strong></span> <span class='ocrx_word' id='word_1_94' title='bbox 573 1190 808 1263; x_wconf 86' lang='lat' dir='ltr'><strong>circumundique</strong></span> <span class='ocrx_word' id='word_1_95' title='bbox 823 1189 933 1264; x_wconf 86' lang='lat' dir='ltr'><strong>vibrat,</strong></span> 
     </span>
     <span class='ocr_line' id='line_1_15' title="bbox 57 1264 853 1343; baseline -0.01 -13"><span class='ocrx_word' id='word_1_96' title='bbox 57 1270 164 1331; x_wconf 61' lang='lat' dir='ltr'><strong>teNec</strong></span> <span class='ocrx_word' id='word_1_97' title='bbox 178 1272 261 1328; x_wconf 87' lang='lat' dir='ltr'><strong>terris</strong></span> <span class='ocrx_word' id='word_1_98' title='bbox 277 1264 402 1336; x_wconf 79' lang='lat' dir='ltr'><strong>tantum,</strong></span> <span class='ocrx_word' id='word_1_99' title='bbox 423 1265 463 1325; x_wconf 87' lang='lat' dir='ltr'><strong>ast</strong></span> <span class='ocrx_word' id='word_1_100' title='bbox 476 1268 554 1328; x_wconf 91' lang='lat' dir='ltr'><strong>omni</strong></span> <span class='ocrx_word' id='word_1_101' title='bbox 575 1266 630 1328; x_wconf 73' lang='lat' dir='ltr'><strong>late</strong></span> <span class='ocrx_word' id='word_1_102' title='bbox 648 1268 750 1343; x_wconf 87' lang='lat' dir='ltr'><strong>ingerit</strong></span> <span class='ocrx_word' id='word_1_103' title='bbox 765 1265 853 1335; x_wconf 91' lang='lat' dir='ltr'><strong>Orbi,</strong></span> 
     </span>
     <span class='ocr_line' id='line_1_16' title="bbox 101 1337 825 1417; baseline -0.006 -15"><span class='ocrx_word' id='word_1_104' title='bbox 101 1346 139 1402; x_wconf 79' lang='lat' dir='ltr'><strong>Iit</strong></span> <span class='ocrx_word' id='word_1_105' title='bbox 153 1359 239 1417; x_wconf 91' lang='lat' dir='ltr'><strong>quam</strong></span> <span class='ocrx_word' id='word_1_106' title='bbox 259 1337 378 1398; x_wconf 79' lang='lat' dir='ltr'><strong>debilius</strong></span> <span class='ocrx_word' id='word_1_107' title='bbox 399 1343 484 1401; x_wconf 88' lang='lat' dir='ltr'><strong>nostri</strong></span> <span class='ocrx_word' id='word_1_108' title='bbox 504 1342 570 1403; x_wconf 92' lang='lat' dir='ltr'><strong>dant</strong></span> <span class='ocrx_word' id='word_1_109' title='bbox 589 1356 712 1404; x_wconf 81' lang='lat' dir='ltr'><strong>attamen</strong></span> <span class='ocrx_word' id='word_1_110' title='bbox 728 1343 825 1415; x_wconf 83' lang='lat' dir='ltr'><strong>ignes,</strong></span> 
     </span>
     <span class='ocr_line' id='line_1_17' title="bbox 101 1416 811 1495; baseline -0.003 -17"><span class='ocrx_word' id='word_1_111' title='bbox 101 1416 292 1492; x_wconf 84' lang='lat' dir='ltr'><strong>Mentitaeque</strong></span> <span class='ocrx_word' id='word_1_112' title='bbox 305 1416 379 1475; x_wconf 88' lang='lat' dir='ltr'><strong>faces</strong></span> <span class='ocrx_word' id='word_1_113' title='bbox 400 1419 538 1479; x_wconf 73' lang='lat' dir='ltr'><strong>nosturno</strong></span> <span class='ocrx_word' id='word_1_114' title='bbox 558 1432 686 1495; x_wconf 86' lang='lat' dir='ltr'><strong>tempore</strong></span> <span class='ocrx_word' id='word_1_115' title='bbox 705 1417 811 1486; x_wconf 82' lang='lat' dir='ltr'><strong>soiem3</strong></span> 
     </span>
     <span class='ocr_line' id='line_1_18' title="bbox 103 1492 847 1570; baseline -0.005 -16"><span class='ocrx_word' id='word_1_116' title='bbox 103 1495 176 1554; x_wconf 78' lang='lat' dir='ltr'><strong>Cum</strong></span> <span class='ocrx_word' id='word_1_117' title='bbox 191 1492 302 1568; x_wconf 87' lang='lat' dir='ltr'><strong>superas</strong></span> <span class='ocrx_word' id='word_1_118' title='bbox 316 1493 394 1568; x_wconf 76' lang='lat' dir='ltr'><strong>aequb</strong></span> <span class='ocrx_word' id='word_1_119' title='bbox 412 1497 443 1555; x_wconf 92' lang='lat' dir='ltr'><strong>in</strong></span> <span class='ocrx_word' id='word_1_120' title='bbox 462 1507 557 1570; x_wconf 88' lang='lat' dir='ltr'><strong>partes</strong></span> <span class='ocrx_word' id='word_1_121' title='bbox 578 1493 744 1554; x_wconf 84' lang='lat' dir='ltr'><strong>mittatur&amp;</strong></span> <span class='ocrx_word' id='word_1_122' title='bbox 761 1496 847 1563; x_wconf 88' lang='lat' dir='ltr'><strong>imas,</strong></span> 
     </span>
     <span class='ocr_line' id='line_1_19' title="bbox 102 1566 897 1647; baseline 0.001 -19"><span class='ocrx_word' id='word_1_123' title='bbox 102 1573 211 1629; x_wconf 88' lang='lat' dir='ltr'><strong>Nonne</strong></span> <span class='ocrx_word' id='word_1_124' title='bbox 231 1570 283 1627; x_wconf 89' lang='lat' dir='ltr'><strong>tibi</strong></span> <span class='ocrx_word' id='word_1_125' title='bbox 299 1569 369 1627; x_wconf 90' lang='lat' dir='ltr'><strong>levis</strong></span> <span class='ocrx_word' id='word_1_126' title='bbox 384 1585 470 1647; x_wconf 89' lang='lat' dir='ltr'><strong>atque</strong></span> <span class='ocrx_word' id='word_1_127' title='bbox 488 1573 578 1647; x_wconf 85' lang='lat' dir='ltr'><strong>gravis</strong></span> <span class='ocrx_word' id='word_1_128' title='bbox 592 1571 671 1631; x_wconf 85' lang='lat' dir='ltr'><strong>fimui</strong></span> <span class='ocrx_word' id='word_1_129' title='bbox 686 1569 741 1630; x_wconf 82' lang='lat' dir='ltr'><strong>effe</strong></span> <span class='ocrx_word' id='word_1_130' title='bbox 761 1566 897 1630; x_wconf 76' lang='lat' dir='ltr'><strong>videtur?</strong></span> 
     </span>
     <span class='ocr_line' id='line_1_20' title="bbox 59 1644 743 1724; baseline 0.003 -20"><span class='ocrx_word' id='word_1_131' title='bbox 59 1645 214 1722; x_wconf 78' lang='lat' dir='ltr'><strong>i⁰⁵Judicio</strong></span> <span class='ocrx_word' id='word_1_132' title='bbox 233 1644 283 1703; x_wconf 83' lang='lat' dir='ltr'><strong>iux</strong></span> <span class='ocrx_word' id='word_1_133' title='bbox 298 1657 399 1722; x_wconf 83' lang='lat' dir='ltr'><strong>nempe</strong></span> <span class='ocrx_word' id='word_1_134' title='bbox 413 1661 479 1719; x_wconf 90' lang='lat' dir='ltr'><strong>tuo,</strong></span> <span class='ocrx_word' id='word_1_135' title='bbox 501 1650 609 1706; x_wconf 84' lang='lat' dir='ltr'><strong>vibratu</strong></span> <span class='ocrx_word' id='word_1_136' title='bbox 625 1646 743 1724; x_wconf 87' lang='lat' dir='ltr'><strong>perenni</strong></span> 
     </span>
     <span class='ocr_line' id='line_1_21' title="bbox 103 1721 830 1795; baseline 0 -13"><span class='ocrx_word' id='word_1_137' title='bbox 103 1722 206 1782; x_wconf 88' lang='lat' dir='ltr'><strong>Sideris</strong></span> <span class='ocrx_word' id='word_1_138' title='bbox 223 1721 340 1782; x_wconf 89' lang='lat' dir='ltr'><strong>effluvio</strong></span> <span class='ocrx_word' id='word_1_139' title='bbox 360 1736 468 1793; x_wconf 87' lang='lat' dir='ltr'><strong>manat,</strong></span> <span class='ocrx_word' id='word_1_140' title='bbox 489 1740 542 1781; x_wconf 90' lang='lat' dir='ltr'><strong>ceu</strong></span> <span class='ocrx_word' id='word_1_141' title='bbox 557 1721 684 1782; x_wconf 88' lang='lat' dir='ltr'><strong>flammea</strong></span> <span class='ocrx_word' id='word_1_142' title='bbox 704 1722 830 1795; x_wconf 76' lang='lat' dir='ltr'><strong>quaedam</strong></span> 
     </span>
     <span class='ocr_line' id='line_1_22' title="bbox 103 1796 842 1874; baseline 0.005 -19"><span class='ocrx_word' id='word_1_143' title='bbox 103 1797 268 1874; x_wconf 80' lang='lat' dir='ltr'><strong>Progenies.</strong></span> <span class='ocrx_word' id='word_1_144' title='bbox 289 1799 391 1856; x_wconf 82' lang='lat' dir='ltr'><strong>Nativa</strong></span> <span class='ocrx_word' id='word_1_145' title='bbox 404 1798 518 1870; x_wconf 90' lang='lat' dir='ltr'><strong>quidem</strong></span> <span class='ocrx_word' id='word_1_146' title='bbox 534 1796 561 1853; x_wconf 78' lang='lat' dir='ltr'><strong>dt</strong></span> <span class='ocrx_word' id='word_1_147' title='bbox 580 1796 740 1856; x_wconf 86' lang='lat' dir='ltr'><strong>validiffima</strong></span> <span class='ocrx_word' id='word_1_148' title='bbox 754 1797 842 1872; x_wconf 65' lang='lat' dir='ltr'><strong>longo</strong></span> 
     </span>
     <span class='ocr_line' id='line_1_23' title="bbox 103 1869 715 1945; baseline -0.007 -14"><span class='ocrx_word' id='word_1_149' title='bbox 103 1873 155 1932; x_wconf 92' lang='lat' dir='ltr'><strong>Vis</strong></span> <span class='ocrx_word' id='word_1_150' title='bbox 172 1876 218 1931; x_wconf 88' lang='lat' dir='ltr'><strong>iila</strong></span> <span class='ocrx_word' id='word_1_151' title='bbox 235 1870 289 1938; x_wconf 89' lang='lat' dir='ltr'><strong>est,</strong></span> <span class='ocrx_word' id='word_1_152' title='bbox 309 1873 365 1945; x_wconf 74' lang='lat' dir='ltr'><strong>qui</strong></span> <span class='ocrx_word' id='word_1_153' title='bbox 377 1872 405 1928; x_wconf 89' lang='lat' dir='ltr'><strong>se</strong></span> <span class='ocrx_word' id='word_1_154' title='bbox 419 1883 465 1928; x_wconf 88' lang='lat' dir='ltr'><strong>tot</strong></span> <span class='ocrx_word' id='word_1_155' title='bbox 478 1869 568 1927; x_wconf 90' lang='lat' dir='ltr'><strong>lucida</strong></span> <span class='ocrx_word' id='word_1_156' title='bbox 587 1873 642 1930; x_wconf 87' lang='lat' dir='ltr'><strong>teia</strong></span> <span class='ocrx_word' id='word_1_157' title='bbox 657 1871 715 1930; x_wconf 85' lang='lat' dir='ltr'><strong>diei</strong></span> 
     </span>
     <span class='ocr_line' id='line_1_24' title="bbox 102 1943 834 2012; baseline -0.003 -5"><span class='ocrx_word' id='word_1_158' title='bbox 102 1946 278 2007; x_wconf 86' lang='lat' dir='ltr'><strong>Diffundunt</strong></span> <span class='ocrx_word' id='word_1_159' title='bbox 291 1945 412 2012; x_wconf 82' lang='lat' dir='ltr'><strong>circum,</strong></span> <span class='ocrx_word' id='word_1_160' title='bbox 433 1960 486 2001; x_wconf 92' lang='lat' dir='ltr'><strong>nec</strong></span> <span class='ocrx_word' id='word_1_161' title='bbox 501 1944 526 2001; x_wconf 87' lang='lat' dir='ltr'><strong>se</strong></span> <span class='ocrx_word' id='word_1_162' title='bbox 539 1944 697 2007; x_wconf 88' lang='lat' dir='ltr'><strong>diffundere</strong></span> <span class='ocrx_word' id='word_1_163' title='bbox 715 1943 834 2005; x_wconf 80' lang='lat' dir='ltr'><strong>cessant:</strong></span> 
     </span>
     <span class='ocr_line' id='line_1_25' title="bbox 56 2017 772 2093; baseline -0.001 -15"><span class='ocrx_word' id='word_1_164' title='bbox 56 2028 144 2091; x_wconf 72' lang='lat' dir='ltr'><strong>510Et</strong></span> <span class='ocrx_word' id='word_1_165' title='bbox 155 2019 264 2078; x_wconf 88' lang='lat' dir='ltr'><strong>vastum</strong></span> <span class='ocrx_word' id='word_1_166' title='bbox 275 2017 373 2088; x_wconf 87' lang='lat' dir='ltr'><strong>rapido</strong></span> <span class='ocrx_word' id='word_1_167' title='bbox 387 2020 545 2093; x_wconf 88' lang='lat' dir='ltr'><strong>pervadunt</strong></span> <span class='ocrx_word' id='word_1_168' title='bbox 559 2021 662 2079; x_wconf 77' lang='lat' dir='ltr'><strong>athera</strong></span> <span class='ocrx_word' id='word_1_169' title='bbox 681 2033 772 2078; x_wconf 88' lang='lat' dir='ltr'><strong>motu.</strong></span> 
     </span>
     <span class='ocr_line' id='line_1_26' title="bbox 107 2094 746 2172; baseline 0 -18"><span class='ocrx_word' id='word_1_170' title='bbox 107 2095 190 2156; x_wconf 81' lang='lat' dir='ltr'><strong>Insita</strong></span> <span class='ocrx_word' id='word_1_171' title='bbox 210 2094 332 2152; x_wconf 81' lang='lat' dir='ltr'><strong>materiae</strong></span> <span class='ocrx_word' id='word_1_172' title='bbox 345 2097 467 2168; x_wconf 84' lang='lat' dir='ltr'><strong>gravitas</strong></span> <span class='ocrx_word' id='word_1_173' title='bbox 481 2096 500 2156; x_wconf 88' lang='lat' dir='ltr'>fi</span> <span class='ocrx_word' id='word_1_174' title='bbox 514 2095 594 2155; x_wconf 89' lang='lat' dir='ltr'><strong>causa</strong></span> <span class='ocrx_word' id='word_1_175' title='bbox 615 2096 746 2172; x_wconf 88' lang='lat' dir='ltr'><strong>perennis</strong></span> 
     </span>
     <span class='ocr_line' id='line_1_27' title="bbox 107 2167 857 2250; baseline -0.005 -18"><span class='ocrx_word' id='word_1_176' title='bbox 107 2171 157 2232; x_wconf 84' lang='lat' dir='ltr'><strong>Est</strong></span> <span class='ocrx_word' id='word_1_177' title='bbox 172 2167 285 2241; x_wconf 78' lang='lat' dir='ltr'><strong>motus,</strong></span> <span class='ocrx_word' id='word_1_178' title='bbox 304 2168 373 2243; x_wconf 85' lang='lat' dir='ltr'><strong>ergb</strong></span> <span class='ocrx_word' id='word_1_179' title='bbox 387 2170 457 2230; x_wconf 91' lang='lat' dir='ltr'><strong>radii</strong></span> <span class='ocrx_word' id='word_1_180' title='bbox 471 2172 609 2250; x_wconf 84' lang='lat' dir='ltr'><strong>gravitate</strong></span> <span class='ocrx_word' id='word_1_181' title='bbox 622 2172 760 2232; x_wconf 86' lang='lat' dir='ltr'><strong>feruntur.</strong></span> <span class='ocrx_word' id='word_1_182' title='bbox 855 2218 857 2223; x_wconf 93' lang='lat'><em>.</em></span> 
     </span>
     <span class='ocr_line' id='line_1_28' title="bbox 107 2246 880 2324; baseline 0.001 -15"><span class='ocrx_word' id='word_1_183' title='bbox 107 2246 224 2323; x_wconf 76' lang='lat' dir='ltr'><strong>Aspice,</strong></span> <span class='ocrx_word' id='word_1_184' title='bbox 247 2258 279 2305; x_wconf 89' lang='lat' dir='ltr'><strong>ut</strong></span> <span class='ocrx_word' id='word_1_185' title='bbox 293 2246 323 2303; x_wconf 91' lang='lat' dir='ltr'><strong>hi</strong></span> <span class='ocrx_word' id='word_1_186' title='bbox 344 2258 438 2305; x_wconf 86' lang='lat' dir='ltr'><strong>motus</strong></span> <span class='ocrx_word' id='word_1_187' title='bbox 453 2251 537 2308; x_wconf 88' lang='lat' dir='ltr'><strong>ambo</strong></span> <span class='ocrx_word' id='word_1_188' title='bbox 553 2249 581 2305; x_wconf 88' lang='lat' dir='ltr'><strong>in</strong></span> <span class='ocrx_word' id='word_1_189' title='bbox 598 2247 739 2307; x_wconf 85' lang='lat' dir='ltr'><strong>contraria</strong></span> <span class='ocrx_word' id='word_1_190' title='bbox 754 2259 880 2324; x_wconf 81' lang='lat' dir='ltr'><strong>vergant.</strong></span> 
     </span>
    </p>

    <p class='ocr_par' dir='ltr' id='par_1_8' title="bbox 10 2321 823 2397">
     <span class='ocr_line' id='line_1_29' title="bbox 10 2321 823 2397; baseline 0.002 -13"><span class='ocrx_word' id='word_1_191' title='bbox 10 2342 12 2349; x_wconf 91' lang='lat'><em>·</em></span> <span class='ocrx_word' id='word_1_192' title='bbox 108 2324 250 2384; x_wconf 78' lang='lat' dir='ltr'><strong>Extremis</strong></span> <span class='ocrx_word' id='word_1_193' title='bbox 265 2321 386 2397; x_wconf 84' lang='lat' dir='ltr'><strong>gravitas</strong></span> <span class='ocrx_word' id='word_1_194' title='bbox 400 2321 434 2381; x_wconf 86' lang='lat' dir='ltr'><strong>ad</strong></span> <span class='ocrx_word' id='word_1_195' title='bbox 448 2340 575 2384; x_wconf 88' lang='lat' dir='ltr'><strong>centrum</strong></span> <span class='ocrx_word' id='word_1_196' title='bbox 592 2324 683 2383; x_wconf 89' lang='lat' dir='ltr'><strong>tendit</strong></span> <span class='ocrx_word' id='word_1_197' title='bbox 702 2323 738 2382; x_wconf 89' lang='lat' dir='ltr'><strong>ab</strong></span> <span class='ocrx_word' id='word_1_198' title='bbox 751 2325 823 2387; x_wconf 63' lang='lat' dir='ltr'><strong>otim</strong></span> 
     </span>
    </p>

    <p class='ocr_par' dir='ltr' id='par_1_9' title="bbox 55 2398 836 2462">
     <span class='ocr_line' id='line_1_30' title="bbox 55 2398 836 2462; baseline -0.004 0"><span class='ocrx_word' id='word_1_199' title='bbox 55 2402 172 2462; x_wconf 74' lang='lat' dir='ltr'><strong>usLux</strong></span> <span class='ocrx_word' id='word_1_200' title='bbox 190 2412 282 2458; x_wconf 86' lang='lat' dir='ltr'><strong>autem</strong></span> <span class='ocrx_word' id='word_1_201' title='bbox 306 2409 444 2457; x_wconf 79' lang='lat' dir='ltr'><strong>extremas</strong></span> <span class='ocrx_word' id='word_1_202' title='bbox 459 2398 474 2457; x_wconf 77' lang='grc'><strong>11</strong></span> <span class='ocrx_word' id='word_1_203' title='bbox 492 2413 593 2461; x_wconf 90' lang='lat' dir='ltr'><strong>centro</strong></span> <span class='ocrx_word' id='word_1_204' title='bbox 609 2401 699 2460; x_wconf 90' lang='lat' dir='ltr'><strong>tendit</strong></span> <span class='ocrx_word' id='word_1_205' title='bbox 713 2401 747 2460; x_wconf 89' lang='lat' dir='ltr'><strong>nd</strong></span> <span class='ocrx_word' id='word_1_206' title='bbox 764 2420 836 2461; x_wconf 85' lang='lat' dir='ltr'><strong>oras.</strong></span> 
     </span>
    </p>

    <p class='ocr_par' dir='ltr' id='par_1_10' title="bbox 105 2471 956 2629">
     <span class='ocr_line' id='line_1_31' title="bbox 107 2471 886 2564; baseline 0.005 -28"><span class='ocrx_word' id='word_1_207' title='bbox 107 2478 146 2536; x_wconf 87' lang='lat' dir='ltr'><strong>At</strong></span> <span class='ocrx_word' id='word_1_208' title='bbox 159 2477 267 2535; x_wconf 82' lang='lat' dir='ltr'><strong>nulium</strong></span> <span class='ocrx_word' id='word_1_209' title='bbox 287 2490 340 2560; x_wconf 73' lang='lat' dir='ltr'><strong>pet</strong></span> <span class='ocrx_word' id='word_1_210' title='bbox 351 2471 379 2530; x_wconf 87' lang='lat' dir='ltr'><strong>se</strong></span> <span class='ocrx_word' id='word_1_211' title='bbox 394 2490 495 2564; x_wconf 80' lang='lat' dir='ltr'><strong>corpus</strong></span> <span class='ocrx_word' id='word_1_212' title='bbox 514 2493 618 2552; x_wconf 85' lang='lat' dir='ltr'><strong>grave,</strong></span> <span class='ocrx_word' id='word_1_213' title='bbox 640 2476 687 2535; x_wconf 85' lang='lat' dir='ltr'><strong>seu</strong></span> <span class='ocrx_word' id='word_1_214' title='bbox 701 2477 765 2537; x_wconf 89' lang='lat' dir='ltr'><strong>leve</strong></span> <span class='ocrx_word' id='word_1_215' title='bbox 778 2478 886 2540; x_wconf 81' lang='lat' dir='ltr'><strong>credas.</strong></span> 
     </span>
     <span class='ocr_line' id='line_1_32' title="bbox 105 2550 956 2629; baseline 0.002 -15"><span class='ocrx_word' id='word_1_216' title='bbox 105 2555 245 2614; x_wconf 90' lang='lat' dir='ltr'><strong>Neutrum</strong></span> <span class='ocrx_word' id='word_1_217' title='bbox 266 2563 371 2611; x_wconf 83' lang='lat' dir='ltr'><strong>etenim</strong></span> <span class='ocrx_word' id='word_1_218' title='bbox 388 2550 490 2625; x_wconf 81' lang='lat' dir='ltr'><strong>uano,</strong></span> <span class='ocrx_word' id='word_1_219' title='bbox 510 2563 642 2616; x_wconf 86' lang='lat' dir='ltr'><strong>neutrum</strong></span> <span class='ocrx_word' id='word_1_220' title='bbox 658 2554 838 2629; x_wconf 85' lang='lat' dir='ltr'><strong>Experientia</strong></span> <span class='ocrx_word' id='word_1_221' title='bbox 854 2555 956 2616; x_wconf 85' lang='lat' dir='ltr'><strong>firmat.</strong></span> 
     </span>
    </p>
   </div>
   <div class='ocr_carea' id='block_1_3' title="bbox 30 2692 1008 3165">
    <p class='ocr_par' dir='ltr' id='par_1_11' title="bbox 30 2692 1008 3165">
     <span class='ocr_line' id='line_1_33' title="bbox 145 2692 897 2782; baseline 0 -20"><span class='ocrx_word' id='word_1_222' title='bbox 145 2707 357 2764; x_wconf 76' lang='lat' dir='ltr'><strong>Manantes</strong></span> <span class='ocrx_word' id='word_1_223' title='bbox 376 2703 487 2775; x_wconf 69' lang='lat' dir='ltr'><strong>omniq,</strong></span> <span class='ocrx_word' id='word_1_224' title='bbox 507 2704 619 2780; x_wconf 72' lang='lat' dir='ltr'><strong>quaqud</strong></span> <span class='ocrx_word' id='word_1_225' title='bbox 632 2692 753 2782; x_wconf 76' lang='lat' dir='ltr'><strong>spectare</strong></span> <span class='ocrx_word' id='word_1_226' title='bbox 769 2703 897 2772; x_wconf 90' lang='lat' dir='ltr'><strong>iubebit,</strong></span> 
     </span>
     <span class='ocr_line' id='line_1_34' title="bbox 108 2778 914 2858; baseline 0.005 -21"><span class='ocrx_word' id='word_1_227' title='bbox 108 2781 229 2839; x_wconf 82' lang='lat' dir='ltr'><strong>Mobilis</strong></span> <span class='ocrx_word' id='word_1_228' title='bbox 245 2781 284 2840; x_wconf 88' lang='lat' dir='ltr'><strong>est</strong></span> <span class='ocrx_word' id='word_1_229' title='bbox 296 2800 347 2858; x_wconf 89' lang='lat' dir='ltr'><strong>per</strong></span> <span class='ocrx_word' id='word_1_230' title='bbox 361 2783 405 2853; x_wconf 88' lang='lat' dir='ltr'><strong>se,</strong></span> <span class='ocrx_word' id='word_1_231' title='bbox 424 2797 484 2840; x_wconf 88' lang='lat' dir='ltr'><strong>nun</strong></span> <span class='ocrx_word' id='word_1_232' title='bbox 498 2781 591 2856; x_wconf 85' lang='lat' dir='ltr'><strong>perse</strong></span> <span class='ocrx_word' id='word_1_233' title='bbox 608 2796 701 2842; x_wconf 85' lang='lat' dir='ltr'><strong>mota:</strong></span> <span class='ocrx_word' id='word_1_234' title='bbox 723 2797 817 2854; x_wconf 85' lang='lat' dir='ltr'><strong>neque</strong></span> <span class='ocrx_word' id='word_1_235' title='bbox 830 2778 914 2841; x_wconf 85' lang='lat' dir='ltr'><strong>ullam</strong></span> 
     </span>
     <span class='ocr_line' id='line_1_35' title="bbox 52 2854 853 2937; baseline -0.006 -20"><span class='ocrx_word' id='word_1_236' title='bbox 52 2854 229 2917; x_wconf 76' lang='lat' dir='ltr'><strong>5²⁰Affettat</strong></span> <span class='ocrx_word' id='word_1_237' title='bbox 243 2857 346 2918; x_wconf 92' lang='lat' dir='ltr'><strong>Mundi</strong></span> <span class='ocrx_word' id='word_1_238' title='bbox 361 2870 485 2937; x_wconf 86' lang='lat' dir='ltr'><strong>partem,</strong></span> <span class='ocrx_word' id='word_1_239' title='bbox 506 2855 670 2933; x_wconf 85' lang='lat' dir='ltr'><strong>superamve</strong></span> <span class='ocrx_word' id='word_1_240' title='bbox 683 2857 730 2919; x_wconf 90' lang='lat' dir='ltr'><strong>vel</strong></span> <span class='ocrx_word' id='word_1_241' title='bbox 751 2858 853 2926; x_wconf 88' lang='lat' dir='ltr'><strong>imam,</strong></span> 
     </span>
     <span class='ocr_line' id='line_1_36' title="bbox 30 2931 878 3008; baseline 0.002 -20"><span class='ocrx_word' id='word_1_242' title='bbox 30 2990 32 2995; x_wconf 78' lang='grc'>,</span> <span class='ocrx_word' id='word_1_243' title='bbox 104 2933 164 2992; x_wconf 89' lang='lat' dir='ltr'><strong>Aut</strong></span> <span class='ocrx_word' id='word_1_244' title='bbox 178 2931 278 2991; x_wconf 72' lang='lat' dir='ltr'><strong>laevum</strong></span> <span class='ocrx_word' id='word_1_245' title='bbox 294 2934 461 2997; x_wconf 82' lang='lat' dir='ltr'><strong>dextrumve</strong></span> <span class='ocrx_word' id='word_1_246' title='bbox 474 2933 561 2998; x_wconf 64' lang='lat' dir='ltr'><strong>latum</strong></span> <span class='ocrx_word' id='word_1_247' title='bbox 582 2935 756 3008; x_wconf 78' lang='lat' dir='ltr'><strong>quocunque</strong></span> <span class='ocrx_word' id='word_1_248' title='bbox 770 2932 878 3003; x_wconf 85' lang='lat' dir='ltr'><strong>cietur,</strong></span> 
     </span>
     <span class='ocr_line' id='line_1_37' title="bbox 103 3006 1008 3087; baseline 0.002 -19"><span class='ocrx_word' id='word_1_249' title='bbox 103 3009 169 3068; x_wconf 88' lang='lat' dir='ltr'><strong>Huc</strong></span> <span class='ocrx_word' id='word_1_250' title='bbox 189 3022 338 3083; x_wconf 66' lang='lat' dir='ltr'><strong>properam</strong></span> <span class='ocrx_word' id='word_1_251' title='bbox 358 3027 411 3069; x_wconf 86' lang='lat' dir='ltr'><strong>nee</strong></span> <span class='ocrx_word' id='word_1_252' title='bbox 432 3020 541 3077; x_wconf 88' lang='lat' dir='ltr'><strong>motum</strong></span> <span class='ocrx_word' id='word_1_253' title='bbox 561 3012 649 3068; x_wconf 91' lang='lat' dir='ltr'><strong>ambit</strong></span> <span class='ocrx_word' id='word_1_254' title='bbox 671 3006 848 3085; x_wconf 85' lang='lat' dir='ltr'><strong>piacidamve</strong></span> <span class='ocrx_word' id='word_1_255' title='bbox 867 3012 1008 3087; x_wconf 79' lang='lat' dir='ltr'><strong>quietema</strong></span> 
     </span>
     <span class='ocr_line' id='line_1_38' title="bbox 102 3083 934 3165; baseline -0.007 -15"><span class='ocrx_word' id='word_1_256' title='bbox 102 3086 246 3150; x_wconf 84' lang='lat' dir='ltr'><strong>Neutrum</strong></span> <span class='ocrx_word' id='word_1_257' title='bbox 265 3087 422 3164; x_wconf 77' lang='lat' dir='ltr'><strong>praeponit,</strong></span> <span class='ocrx_word' id='word_1_258' title='bbox 441 3083 489 3147; x_wconf 84' lang='lat' dir='ltr'><strong>sed</strong></span> <span class='ocrx_word' id='word_1_259' title='bbox 508 3084 612 3147; x_wconf 83' lang='lat' dir='ltr'><strong>idonea</strong></span> <span class='ocrx_word' id='word_1_260' title='bbox 626 3085 735 3162; x_wconf 79' lang='lat' dir='ltr'><strong>semper</strong></span> <span class='ocrx_word' id='word_1_261' title='bbox 750 3085 866 3165; x_wconf 82' lang='lat' dir='ltr'><strong>utrique</strong></span> <span class='ocrx_word' id='word_1_262' title='bbox 878 3086 934 3145; x_wconf 70' lang='lat' dir='ltr'><strong>eit.</strong></span> 
     </span>
    </p>
   </div>
   <div class='ocr_carea' id='block_1_4' title="bbox 71 3145 1059 3244">
    <p class='ocr_par' dir='ltr' id='par_1_12' title="bbox 71 3145 1059 3244">
     <span class='ocr_line' id='line_1_39' title="bbox 71 3145 1059 3244; baseline 0.003 -3"><span class='ocrx_word' id='word_1_263' title='bbox 71 3200 85 3241; x_wconf 80' lang='lat' dir='ltr'><strong>t</strong></span> <span class='ocrx_word' id='word_1_264' title='bbox 318 3224 321 3229; x_wconf 78' lang='lat'><em>,</em></span> <span class='ocrx_word' id='word_1_265' title='bbox 698 3161 736 3224; x_wconf 52' lang='grc' dir='ltr'>ἢ</span> <span class='ocrx_word' id='word_1_266' title='bbox 756 3174 776 3234; x_wconf 66' lang='lat'>5</span> <span class='ocrx_word' id='word_1_267' title='bbox 951 3145 1059 3244; x_wconf 29' lang='lat' dir='ltr'><strong>QX}</strong></span> 
     </span>
    </p>
   </div>
   <div class='ocr_carea' id='block_1_5' title="bbox 0 0 1076 3502">
    <p class='ocr_par' dir='ltr' id='par_1_13' title="bbox 0 0 1076 3502">
     <span class='ocr_line' id='line_1_40' title="bbox 0 0 1076 3502; baseline 0 0"><span class='ocrx_word' id='word_1_268' title='bbox 0 0 1076 3502; x_wconf 95' lang='lat' dir='ltr'><strong> </strong></span> 
     </span>
    </p>
   </div>
  </div>
 </body>
</html>
