<?xml version="1.0" encoding="UTF-8"?>
<!DOCTYPE html PUBLIC "-//W3C//DTD XHTML 1.0 Transitional//EN"
    "http://www.w3.org/TR/xhtml1/DTD/xhtml1-transitional.dtd">
<html xmlns="http://www.w3.org/1999/xhtml" xml:lang="en" lang="en">
 <head>
  <title>
</title>
<meta http-equiv="Content-Type" content="text/html;charset=utf-8" />
  <meta name='ocr-system' content='tesseract 3.04.00' />
  <meta name='ocr-capabilities' content='ocr_page ocr_carea ocr_par ocr_line ocrx_word'/>
</head>
<body>
  <div class='ocr_page' id='page_1' title='image "./antilucretiussi00poligoog_0250.png"; bbox 0 0 2144 3502; ppageno 0'>
   <div class='ocr_carea' id='block_1_1' title="bbox 83 137 903 204">
    <p class='ocr_par' dir='ltr' id='par_1_1' title="bbox 83 137 903 204">
     <span class='ocr_line' id='line_1_1' title="bbox 83 137 903 204; baseline -0.006 0"><span class='ocrx_word' id='word_1_1' title='bbox 83 154 163 204; x_wconf 64' lang='lat'>0212</span> <span class='ocrx_word' id='word_1_2' title='bbox 215 137 903 204; x_wconf 67' lang='lat' dir='ltr'>:tuat-Lucitssuius.</span> 
     </span>
    </p>
   </div>
   <div class='ocr_carea' id='block_1_2' title="bbox 24 270 1008 1637">
    <p class='ocr_par' dir='ltr' id='par_1_2' title="bbox 24 270 1008 1637">
     <span class='ocr_line' id='line_1_2' title="bbox 108 270 1008 347; baseline -0.007 -14"><span class='ocrx_word' id='word_1_3' title='bbox 108 270 196 333; x_wconf 85' lang='lat' dir='ltr'>Lucis</span> <span class='ocrx_word' id='word_1_4' title='bbox 213 274 289 335; x_wconf 86' lang='lat' dir='ltr'>enim</span> <span class='ocrx_word' id='word_1_5' title='bbox 302 270 414 342; x_wconf 73' lang='lat' dir='ltr'>radius,</span> <span class='ocrx_word' id='word_1_6' title='bbox 433 285 520 342; x_wconf 91' lang='lat' dir='ltr'>quem</span> <span class='ocrx_word' id='word_1_7' title='bbox 538 270 631 347; x_wconf 74' lang='lat' dir='ltr'>preda</span> <span class='ocrx_word' id='word_1_8' title='bbox 644 275 752 346; x_wconf 73' lang='lat' dir='ltr'>obiecia</span> <span class='ocrx_word' id='word_1_9' title='bbox 768 271 900 340; x_wconf 69' lang='lat' dir='ltr'>rededi,</span> <span class='ocrx_word' id='word_1_10' title='bbox 936 276 946 281; x_wconf 85' lang='grc'><em>”</em></span> <span class='ocrx_word' id='word_1_11' title='bbox 1005 310 1008 315; x_wconf 87' lang='grc'>-</span> 
     </span>
     <span class='ocr_line' id='line_1_3' title="bbox 109 344 927 426; baseline -0.006 -18"><span class='ocrx_word' id='word_1_12' title='bbox 109 349 263 426; x_wconf 79' lang='lat' dir='ltr'>Postquain</span> <span class='ocrx_word' id='word_1_13' title='bbox 277 344 353 407; x_wconf 83' lang='lat' dir='ltr'>oculi</span> <span class='ocrx_word' id='word_1_14' title='bbox 372 345 466 420; x_wconf 83' lang='lat' dir='ltr'>tetigit</span> <span class='ocrx_word' id='word_1_15' title='bbox 486 347 621 420; x_wconf 90' lang='lat' dir='ltr'>fundum,</span> <span class='ocrx_word' id='word_1_16' title='bbox 644 351 783 424; x_wconf 83' lang='lat' dir='ltr'>tensaque</span> <span class='ocrx_word' id='word_1_17' title='bbox 797 358 927 423; x_wconf 84' lang='lat' dir='ltr'>receptus</span> 
     </span>
     <span class='ocr_line' id='line_1_4' title="bbox 109 419 844 496; baseline 0.003 -12"><span class='ocrx_word' id='word_1_18' title='bbox 109 426 263 496; x_wconf 70' lang='lat' dir='ltr'>Remedio,</span> <span class='ocrx_word' id='word_1_19' title='bbox 283 419 408 484; x_wconf 82' lang='lat' dir='ltr'>succuffit</span> <span class='ocrx_word' id='word_1_20' title='bbox 421 438 508 496; x_wconf 83' lang='lat' dir='ltr'>agens</span> <span class='ocrx_word' id='word_1_21' title='bbox 543 425 676 486; x_wconf 85' lang='lat' dir='ltr'>rimordia</span> <span class='ocrx_word' id='word_1_22' title='bbox 689 425 784 486; x_wconf 79' lang='lat' dir='ltr'>motas</span> <span class='ocrx_word' id='word_1_23' title='bbox 840 439 844 457; x_wconf 75' lang='lat'><em>·</em></span> 
     </span>
     <span class='ocr_line' id='line_1_5' title="bbox 110 495 913 584; baseline 0.006 -24"><span class='ocrx_word' id='word_1_24' title='bbox 110 502 333 575; x_wconf 82' lang='lat' dir='ltr'>Nervorumque</span> <span class='ocrx_word' id='word_1_25' title='bbox 344 507 448 584; x_wconf 79' lang='lat' dir='ltr'>caput,</span> <span class='ocrx_word' id='word_1_26' title='bbox 470 495 497 556; x_wconf 88' lang='lat' dir='ltr'>se</span> <span class='ocrx_word' id='word_1_27' title='bbox 532 499 558 556; x_wconf 85' lang='lat' dir='ltr'>la</span> <span class='ocrx_word' id='word_1_28' title='bbox 571 499 646 559; x_wconf 90' lang='lat' dir='ltr'>unde</span> <span class='ocrx_word' id='word_1_29' title='bbox 661 504 755 561; x_wconf 91' lang='lat' dir='ltr'>omnia</span> <span class='ocrx_word' id='word_1_30' title='bbox 770 500 913 577; x_wconf 75' lang='lat' dir='ltr'>produnti</span> 
     </span>
     <span class='ocr_line' id='line_1_6' title="bbox 60 574 897 645; baseline -0.006 -1"><span class='ocrx_word' id='word_1_31' title='bbox 60 576 236 645; x_wconf 71' lang='lat' dir='ltr'>rresuccum</span> <span class='ocrx_word' id='word_1_32' title='bbox 248 575 343 633; x_wconf 83' lang='lat' dir='ltr'>sontes</span> <span class='ocrx_word' id='word_1_33' title='bbox 358 587 517 634; x_wconf 78' lang='lat' dir='ltr'>animorum</span> <span class='ocrx_word' id='word_1_34' title='bbox 532 574 679 634; x_wconf 90' lang='lat' dir='ltr'>hincinde</span> <span class='ocrx_word' id='word_1_35' title='bbox 698 576 835 639; x_wconf 80' lang='lat' dir='ltr'>fluentum</span> <span class='ocrx_word' id='word_1_36' title='bbox 894 626 897 631; x_wconf 42' lang='lat'><em>&lt;</em></span> 
     </span>
     <span class='ocr_line' id='line_1_7' title="bbox 112 647 806 727; baseline -0.004 -13"><span class='ocrx_word' id='word_1_37' title='bbox 112 658 240 714; x_wconf 85' lang='lat' dir='ltr'>srroraat</span> <span class='ocrx_word' id='word_1_38' title='bbox 257 647 361 721; x_wconf 77' lang='lat' dir='ltr'>sparsus</span> <span class='ocrx_word' id='word_1_39' title='bbox 374 665 426 724; x_wconf 85' lang='lat' dir='ltr'>per</span> <span class='ocrx_word' id='word_1_40' title='bbox 442 648 564 727; x_wconf 85' lang='lat' dir='ltr'>segmina</span> <span class='ocrx_word' id='word_1_41' title='bbox 580 652 668 710; x_wconf 89' lang='lat' dir='ltr'>multa</span> <span class='ocrx_word' id='word_1_42' title='bbox 681 655 806 712; x_wconf 82' lang='lat' dir='ltr'>canales:</span> 
     </span>
     <span class='ocr_line' id='line_1_8' title="bbox 111 722 866 802; baseline -0.001 -13"><span class='ocrx_word' id='word_1_43' title='bbox 111 725 255 789; x_wconf 79' lang='lat' dir='ltr'>Masculus</span> <span class='ocrx_word' id='word_1_44' title='bbox 270 722 337 783; x_wconf 87' lang='lat' dir='ltr'>hinc</span> <span class='ocrx_word' id='word_1_45' title='bbox 354 725 448 784; x_wconf 75' lang='lat' dir='ltr'>oannis</span> <span class='ocrx_word' id='word_1_46' title='bbox 466 737 608 800; x_wconf 90' lang='lat' dir='ltr'>concepto</span> <span class='ocrx_word' id='word_1_47' title='bbox 621 726 738 785; x_wconf 89' lang='lat' dir='ltr'>flumine</span> <span class='ocrx_word' id='word_1_48' title='bbox 758 739 866 802; x_wconf 85' lang='lat' dir='ltr'>turget,</span> 
     </span>
     <span class='ocr_line' id='line_1_9' title="bbox 110 798 873 874; baseline -0.004 -11"><span class='ocrx_word' id='word_1_49' title='bbox 110 798 365 874; x_wconf 65' lang='lat' dir='ltr'>effugantium,</span> <span class='ocrx_word' id='word_1_50' title='bbox 387 801 415 859; x_wconf 83' lang='lat' dir='ltr'>dt</span> <span class='ocrx_word' id='word_1_51' title='bbox 434 819 538 861; x_wconf 88' lang='lat' dir='ltr'>curvos</span> <span class='ocrx_word' id='word_1_52' title='bbox 558 803 719 860; x_wconf 85' lang='lat' dir='ltr'>breviantur</span> <span class='ocrx_word' id='word_1_53' title='bbox 735 803 763 858; x_wconf 91' lang='lat' dir='ltr'>in</span> <span class='ocrx_word' id='word_1_54' title='bbox 778 819 873 874; x_wconf 86' lang='lat' dir='ltr'>arcus,</span> 
     </span>
     <span class='ocr_line' id='line_1_10' title="bbox 111 875 914 951; baseline -0.001 -13"><span class='ocrx_word' id='word_1_55' title='bbox 111 876 248 948; x_wconf 85' lang='lat' dir='ltr'>Ossaque,</span> <span class='ocrx_word' id='word_1_56' title='bbox 268 879 460 937; x_wconf 86' lang='lat' dir='ltr'>membrorum</span> <span class='ocrx_word' id='word_1_57' title='bbox 474 875 650 948; x_wconf 80' lang='lat' dir='ltr'>fundamina,</span> <span class='ocrx_word' id='word_1_58' title='bbox 670 876 778 936; x_wconf 87' lang='lat' dir='ltr'>subdita</span> <span class='ocrx_word' id='word_1_59' title='bbox 791 876 914 951; x_wconf 79' lang='lat' dir='ltr'>tollunt3</span> 
     </span>
     <span class='ocr_line' id='line_1_11' title="bbox 58 953 848 1030; baseline -0.001 -21"><span class='ocrx_word' id='word_1_60' title='bbox 58 956 245 1025; x_wconf 76' lang='lat' dir='ltr'>ayrs’otaque</span> <span class='ocrx_word' id='word_1_61' title='bbox 259 967 413 1030; x_wconf 73' lang='lat' dir='ltr'><strong>compages</strong></span> <span class='ocrx_word' id='word_1_62' title='bbox 428 953 456 1010; x_wconf 90' lang='lat' dir='ltr'>in</span> <span class='ocrx_word' id='word_1_63' title='bbox 470 965 577 1028; x_wconf 82' lang='lat' dir='ltr'>partem</span> <span class='ocrx_word' id='word_1_64' title='bbox 592 953 712 1013; x_wconf 85' lang='lat' dir='ltr'>vertitur</span> <span class='ocrx_word' id='word_1_65' title='bbox 727 953 817 1022; x_wconf 87' lang='lat' dir='ltr'>iliam,</span> <span class='ocrx_word' id='word_1_66' title='bbox 843 985 848 995; x_wconf 90' lang='lat'>·</span> 
     </span>
     <span class='ocr_line' id='line_1_12' title="bbox 110 1024 758 1102; baseline -0.008 -11"><span class='ocrx_word' id='word_1_67' title='bbox 110 1024 198 1102; x_wconf 69' lang='lat' dir='ltr'>Unde</span> <span class='ocrx_word' id='word_1_68' title='bbox 216 1025 267 1085; x_wconf 84' lang='lat' dir='ltr'>srbi</span> <span class='ocrx_word' id='word_1_69' title='bbox 285 1031 404 1090; x_wconf 86' lang='lat' dir='ltr'>veniunt</span> <span class='ocrx_word' id='word_1_70' title='bbox 423 1029 604 1089; x_wconf 87' lang='lat' dir='ltr'>irritamenta.</span> <span class='ocrx_word' id='word_1_71' title='bbox 637 1029 758 1089; x_wconf 86' lang='lat' dir='ltr'>Necesse</span> 
     </span>
     <span class='ocr_line' id='line_1_13' title="bbox 109 1102 922 1181; baseline -0.002 -21"><span class='ocrx_word' id='word_1_72' title='bbox 109 1104 194 1161; x_wconf 85' lang='lat' dir='ltr'>Tunc</span> <span class='ocrx_word' id='word_1_73' title='bbox 208 1102 294 1178; x_wconf 82' lang='lat' dir='ltr'>igitur</span> <span class='ocrx_word' id='word_1_74' title='bbox 312 1103 397 1181; x_wconf 71' lang='lat' dir='ltr'>piane</span> <span class='ocrx_word' id='word_1_75' title='bbox 416 1103 470 1173; x_wconf 85' lang='lat' dir='ltr'>est,</span> <span class='ocrx_word' id='word_1_76' title='bbox 491 1103 555 1164; x_wconf 75' lang='lat' dir='ltr'>cium</span> <span class='ocrx_word' id='word_1_77' title='bbox 570 1115 662 1164; x_wconf 87' lang='lat' dir='ltr'>tantos</span> <span class='ocrx_word' id='word_1_78' title='bbox 682 1105 810 1165; x_wconf 86' lang='lat' dir='ltr'>machina</span> <span class='ocrx_word' id='word_1_79' title='bbox 827 1111 922 1160; x_wconf 80' lang='lat' dir='ltr'>motus</span> 
     </span>
     <span class='ocr_line' id='line_1_14' title="bbox 109 1179 780 1251; baseline 0.003 -13"><span class='ocrx_word' id='word_1_80' title='bbox 109 1179 242 1239; x_wconf 84' lang='lat' dir='ltr'>Hauserit</span> <span class='ocrx_word' id='word_1_81' title='bbox 256 1180 338 1251; x_wconf 88' lang='lat' dir='ltr'>hinc,</span> <span class='ocrx_word' id='word_1_82' title='bbox 359 1180 525 1239; x_wconf 84' lang='lat' dir='ltr'>ilsucetiam</span> <span class='ocrx_word' id='word_1_83' title='bbox 546 1180 648 1238; x_wconf 74' lang='lat' dir='ltr'>diretta</span> <span class='ocrx_word' id='word_1_84' title='bbox 667 1181 780 1243; x_wconf 85' lang='lat' dir='ltr'>seratur.</span> 
     </span>
     <span class='ocr_line' id='line_1_15' title="bbox 110 1253 938 1392; baseline -0.002 -78"><span class='ocrx_word' id='word_1_85' title='bbox 110 1253 351 1392; x_wconf 67' lang='lat' dir='ltr'>guaadoquidem</span> <span class='ocrx_word' id='word_1_86' title='bbox 369 1255 478 1324; x_wconf 89' lang='lat' dir='ltr'>radius,</span> <span class='ocrx_word' id='word_1_87' title='bbox 498 1256 547 1332; x_wconf 85' lang='lat' dir='ltr'>qui</span> <span class='ocrx_word' id='word_1_88' title='bbox 561 1256 657 1316; x_wconf 79' lang='lat' dir='ltr'>motsrs</span> <span class='ocrx_word' id='word_1_89' title='bbox 670 1261 762 1318; x_wconf 85' lang='lat' dir='ltr'>omnis</span> <span class='ocrx_word' id='word_1_90' title='bbox 777 1260 859 1333; x_wconf 84' lang='lat' dir='ltr'>origo</span> <span class='ocrx_word' id='word_1_91' title='bbox 881 1253 938 1325; x_wconf 90' lang='lat' dir='ltr'>est,</span> 
     </span>
     <span class='ocr_line' id='line_1_16' title="bbox 24 1328 831 1406; baseline 0.005 -18"><span class='ocrx_word' id='word_1_92' title='bbox 24 1334 27 1339; x_wconf 88' lang='lat'>&#39;</span> <span class='ocrx_word' id='word_1_93' title='bbox 57 1344 103 1390; x_wconf 73' lang='lat' dir='ltr'>eto</span> <span class='ocrx_word' id='word_1_94' title='bbox 140 1332 293 1406; x_wconf 77' lang='lat' dir='ltr'>bjeetaeque</span> <span class='ocrx_word' id='word_1_95' title='bbox 304 1331 347 1389; x_wconf 87' lang='lat' dir='ltr'>rei</span> <span class='ocrx_word' id='word_1_96' title='bbox 358 1328 534 1390; x_wconf 78' lang='lat' dir='ltr'>simulacrum</span> <span class='ocrx_word' id='word_1_97' title='bbox 545 1332 575 1390; x_wconf 84' lang='lat' dir='ltr'>in</span> <span class='ocrx_word' id='word_1_98' title='bbox 597 1332 831 1403; x_wconf 73' lang='lat' dir='ltr'>immadescit,</span> 
     </span>
     <span class='ocr_line' id='line_1_17' title="bbox 43 1405 851 1483; baseline -0.002 -14"><span class='ocrx_word' id='word_1_99' title='bbox 43 1477 46 1480; x_wconf 44' lang='grc'>,</span> <span class='ocrx_word' id='word_1_100' title='bbox 109 1409 180 1481; x_wconf 80' lang='lat' dir='ltr'>Inde</span> <span class='ocrx_word' id='word_1_101' title='bbox 195 1408 275 1467; x_wconf 88' lang='lat' dir='ltr'>veuit</span> <span class='ocrx_word' id='word_1_102' title='bbox 287 1405 408 1482; x_wconf 87' lang='lat' dir='ltr'>semper,</span> <span class='ocrx_word' id='word_1_103' title='bbox 429 1405 592 1483; x_wconf 86' lang='lat' dir='ltr'>semperque</span> <span class='ocrx_word' id='word_1_104' title='bbox 609 1411 760 1470; x_wconf 86' lang='lat' dir='ltr'>revertitur</span> <span class='ocrx_word' id='word_1_105' title='bbox 776 1411 851 1468; x_wconf 87' lang='lat' dir='ltr'>illuc.</span> 
     </span>
     <span class='ocr_line' id='line_1_18' title="bbox 110 1481 916 1556; baseline -0.007 -10"><span class='ocrx_word' id='word_1_106' title='bbox 110 1484 242 1546; x_wconf 74' lang='lat' dir='ltr'>Pondere</span> <span class='ocrx_word' id='word_1_107' title='bbox 260 1497 319 1540; x_wconf 82' lang='lat' dir='ltr'>nun</span> <span class='ocrx_word' id='word_1_108' title='bbox 339 1481 421 1540; x_wconf 86' lang='lat' dir='ltr'>aliter</span> <span class='ocrx_word' id='word_1_109' title='bbox 436 1483 600 1556; x_wconf 79' lang='lat' dir='ltr'>comprensa</span> <span class='ocrx_word' id='word_1_110' title='bbox 616 1485 736 1545; x_wconf 86' lang='lat' dir='ltr'>rudente</span> <span class='ocrx_word' id='word_1_111' title='bbox 750 1487 916 1553; x_wconf 74' lang='lat' dir='ltr'>trahuntur,</span> 
     </span>
     <span class='ocr_line' id='line_1_19' title="bbox 92 1555 904 1637; baseline -0.009 -14"><span class='ocrx_word' id='word_1_112' title='bbox 92 1563 150 1623; x_wconf 80' lang='lat' dir='ltr'>·Iit</span> <span class='ocrx_word' id='word_1_113' title='bbox 171 1559 290 1617; x_wconf 76' lang='lat' dir='ltr'>reniteat</span> <span class='ocrx_word' id='word_1_114' title='bbox 304 1555 339 1617; x_wconf 79' lang='lat' dir='ltr'>ad</span> <span class='ocrx_word' id='word_1_115' title='bbox 354 1573 438 1629; x_wconf 85' lang='lat' dir='ltr'>eura,</span> <span class='ocrx_word' id='word_1_116' title='bbox 457 1558 506 1634; x_wconf 82' lang='lat' dir='ltr'>qui</span> <span class='ocrx_word' id='word_1_117' title='bbox 521 1557 567 1618; x_wconf 79' lang='lat' dir='ltr'>dat</span> <span class='ocrx_word' id='word_1_118' title='bbox 581 1574 690 1622; x_wconf 76' lang='lat' dir='ltr'>motuni</span> <span class='ocrx_word' id='word_1_119' title='bbox 703 1561 759 1637; x_wconf 89' lang='lat' dir='ltr'>ipse</span> <span class='ocrx_word' id='word_1_120' title='bbox 780 1560 904 1637; x_wconf 84' lang='lat' dir='ltr'>rudenti.</span> 
     </span>
    </p>
   </div>
   <div class='ocr_carea' id='block_1_3' title="bbox 61 1712 1022 3164">
    <p class='ocr_par' dir='ltr' id='par_1_3' title="bbox 152 1712 890 1792">
     <span class='ocr_line' id='line_1_20' title="bbox 152 1712 890 1792; baseline -0.005 -19"><span class='ocrx_word' id='word_1_121' title='bbox 152 1715 212 1791; x_wconf 77' lang='lat' dir='ltr'>Ua</span> <span class='ocrx_word' id='word_1_122' title='bbox 230 1714 307 1773; x_wconf 80' lang='lat' dir='ltr'>canis</span> <span class='ocrx_word' id='word_1_123' title='bbox 323 1714 351 1774; x_wconf 88' lang='lat' dir='ltr'>in</span> <span class='ocrx_word' id='word_1_124' title='bbox 372 1730 486 1776; x_wconf 85' lang='lat' dir='ltr'>cervum</span> <span class='ocrx_word' id='word_1_125' title='bbox 501 1714 613 1789; x_wconf 84' lang='lat' dir='ltr'>cursus,</span> <span class='ocrx_word' id='word_1_126' title='bbox 633 1715 669 1778; x_wconf 87' lang='lat' dir='ltr'>sic</span> <span class='ocrx_word' id='word_1_127' title='bbox 683 1715 711 1776; x_wconf 82' lang='lat' dir='ltr'>dt</span> <span class='ocrx_word' id='word_1_128' title='bbox 731 1716 797 1792; x_wconf 84' lang='lat' dir='ltr'>fuga</span> <span class='ocrx_word' id='word_1_129' title='bbox 811 1712 890 1772; x_wconf 86' lang='lat' dir='ltr'>cervi</span> 
     </span>
    </p>

    <p class='ocr_par' dir='ltr' id='par_1_4' title="bbox 64 1790 819 1868">
     <span class='ocr_line' id='line_1_21' title="bbox 64 1790 819 1868; baseline 0.003 -21"><span class='ocrx_word' id='word_1_130' title='bbox 64 1815 105 1868; x_wconf 66' lang='grc' dir='ltr'>η,</span> <span class='ocrx_word' id='word_1_131' title='bbox 114 1791 291 1850; x_wconf 86' lang='lat' dir='ltr'>Mechanico</span> <span class='ocrx_word' id='word_1_132' title='bbox 312 1790 344 1850; x_wconf 87' lang='lat' dir='ltr'>fit</span> <span class='ocrx_word' id='word_1_133' title='bbox 358 1790 439 1866; x_wconf 89' lang='lat' dir='ltr'>piana</span> <span class='ocrx_word' id='word_1_134' title='bbox 451 1792 551 1853; x_wconf 87' lang='lat' dir='ltr'>modo.</span> <span class='ocrx_word' id='word_1_135' title='bbox 568 1794 725 1854; x_wconf 84' lang='lat' dir='ltr'>Latratibus</span> <span class='ocrx_word' id='word_1_136' title='bbox 737 1809 819 1853; x_wconf 85' lang='lat' dir='ltr'>aures</span> 
     </span>
    </p>

    <p class='ocr_par' dir='ltr' id='par_1_5' title="bbox 114 1865 833 1942">
     <span class='ocr_line' id='line_1_22' title="bbox 114 1865 833 1942; baseline 0.003 -17"><span class='ocrx_word' id='word_1_137' title='bbox 114 1869 154 1926; x_wconf 89' lang='lat' dir='ltr'>Ut</span> <span class='ocrx_word' id='word_1_138' title='bbox 171 1865 293 1942; x_wconf 78' lang='lat' dir='ltr'>primitur</span> <span class='ocrx_word' id='word_1_139' title='bbox 313 1868 446 1939; x_wconf 88' lang='lat' dir='ltr'>sonuere,</span> <span class='ocrx_word' id='word_1_140' title='bbox 467 1870 538 1928; x_wconf 83' lang='lat' dir='ltr'>suno</span> <span class='ocrx_word' id='word_1_141' title='bbox 552 1870 682 1931; x_wconf 88' lang='lat' dir='ltr'>concussa</span> <span class='ocrx_word' id='word_1_142' title='bbox 700 1880 833 1932; x_wconf 85' lang='lat' dir='ltr'>movetur</span> 
     </span>
    </p>

    <p class='ocr_par' dir='ltr' id='par_1_6' title="bbox 113 1940 1021 2022">
     <span class='ocr_line' id='line_1_23' title="bbox 113 1940 1021 2022; baseline -0.004 -20"><span class='ocrx_word' id='word_1_143' title='bbox 113 1943 253 2003; x_wconf 81' lang='lat' dir='ltr'>Machina</span> <span class='ocrx_word' id='word_1_144' title='bbox 268 1954 329 2004; x_wconf 87' lang='lat' dir='ltr'>tota</span> <span class='ocrx_word' id='word_1_145' title='bbox 344 1942 462 2020; x_wconf 76' lang='lat' dir='ltr'>repente</span> <span class='ocrx_word' id='word_1_146' title='bbox 481 1946 551 2017; x_wconf 86' lang='lat' dir='ltr'>feri,</span> <span class='ocrx_word' id='word_1_147' title='bbox 572 1964 656 2022; x_wconf 92' lang='lat' dir='ltr'>quem</span> <span class='ocrx_word' id='word_1_148' title='bbox 675 1947 786 2008; x_wconf 85' lang='lat' dir='ltr'>somnus</span> <span class='ocrx_word' id='word_1_149' title='bbox 803 1944 831 2001; x_wconf 91' lang='lat' dir='ltr'>in</span> <span class='ocrx_word' id='word_1_150' title='bbox 845 1940 943 2001; x_wconf 78' lang='lat' dir='ltr'>umbri</span> <span class='ocrx_word' id='word_1_151' title='bbox 1017 2006 1021 2011; x_wconf 52' lang='grc'><strong>,</strong></span> 
     </span>
    </p>

    <p class='ocr_par' dir='ltr' id='par_1_7' title="bbox 112 2019 928 2100">
     <span class='ocr_line' id='line_1_24' title="bbox 112 2019 928 2100; baseline -0.005 -20"><span class='ocrx_word' id='word_1_152' title='bbox 112 2021 259 2084; x_wconf 88' lang='lat' dir='ltr'>Detinuit;</span> <span class='ocrx_word' id='word_1_153' title='bbox 280 2019 352 2079; x_wconf 85' lang='lat' dir='ltr'>cutis</span> <span class='ocrx_word' id='word_1_154' title='bbox 368 2022 517 2098; x_wconf 86' lang='lat' dir='ltr'>arrigitur,</span> <span class='ocrx_word' id='word_1_155' title='bbox 536 2025 674 2100; x_wconf 88' lang='lat' dir='ltr'>nervique</span> <span class='ocrx_word' id='word_1_156' title='bbox 687 2024 858 2084; x_wconf 87' lang='lat' dir='ltr'>tremiscunt.</span> <span class='ocrx_word' id='word_1_157' title='bbox 925 2052 928 2056; x_wconf 83' lang='lat'>.</span> 
     </span>
    </p>

    <p class='ocr_par' dir='ltr' id='par_1_8' title="bbox 61 2096 851 2251">
     <span class='ocr_line' id='line_1_25' title="bbox 112 2096 811 2172; baseline 0.003 -16"><span class='ocrx_word' id='word_1_158' title='bbox 112 2097 190 2156; x_wconf 87' lang='lat' dir='ltr'>Ecce</span> <span class='ocrx_word' id='word_1_159' title='bbox 208 2097 295 2155; x_wconf 91' lang='lat' dir='ltr'>animi</span> <span class='ocrx_word' id='word_1_160' title='bbox 314 2097 433 2156; x_wconf 89' lang='lat' dir='ltr'>cerebro</span> <span class='ocrx_word' id='word_1_161' title='bbox 446 2096 547 2172; x_wconf 79' lang='lat' dir='ltr'>delapsi</span> <span class='ocrx_word' id='word_1_162' title='bbox 560 2102 672 2160; x_wconf 84' lang='lat' dir='ltr'>concita</span> <span class='ocrx_word' id='word_1_163' title='bbox 685 2105 811 2160; x_wconf 82' lang='lat' dir='ltr'>membra</span> 
     </span>
     <span class='ocr_line' id='line_1_26' title="bbox 61 2169 851 2251; baseline -0.008 -16"><span class='ocrx_word' id='word_1_164' title='bbox 61 2174 280 2248; x_wconf 61' lang='lat' dir='ltr'>inunguere</span> <span class='ocrx_word' id='word_1_165' title='bbox 298 2169 431 2246; x_wconf 71' lang='lat' dir='ltr'>depulsa,</span> <span class='ocrx_word' id='word_1_166' title='bbox 449 2172 707 2248; x_wconf 87' lang='lat' dir='ltr'>proculdiscedere</span> <span class='ocrx_word' id='word_1_167' title='bbox 720 2183 851 2251; x_wconf 75' lang='lat' dir='ltr'>cogunt,</span> 
     </span>
    </p>

    <p class='ocr_par' dir='ltr' id='par_1_9' title="bbox 111 2247 807 2323">
     <span class='ocr_line' id='line_1_27' title="bbox 111 2247 807 2323; baseline -0.007 -14"><span class='ocrx_word' id='word_1_168' title='bbox 111 2248 249 2310; x_wconf 83' lang='lat' dir='ltr'>Machina</span> <span class='ocrx_word' id='word_1_169' title='bbox 264 2247 408 2323; x_wconf 73' lang='lat' dir='ltr'>principiis</span> <span class='ocrx_word' id='word_1_170' title='bbox 422 2266 486 2310; x_wconf 87' lang='lat' dir='ltr'>narn</span> <span class='ocrx_word' id='word_1_171' title='bbox 500 2248 618 2318; x_wconf 83' lang='lat' dir='ltr'>talibus,</span> <span class='ocrx_word' id='word_1_172' title='bbox 640 2250 742 2310; x_wconf 88' lang='lat' dir='ltr'>ordine</span> <span class='ocrx_word' id='word_1_173' title='bbox 759 2250 807 2310; x_wconf 88' lang='lat' dir='ltr'>taii</span> 
     </span>
    </p>

    <p class='ocr_par' dir='ltr' id='par_1_10' title="bbox 112 2320 904 2400">
     <span class='ocr_line' id='line_1_28' title="bbox 112 2320 904 2400; baseline -0.004 -16"><span class='ocrx_word' id='word_1_174' title='bbox 112 2322 265 2397; x_wconf 78' lang='lat' dir='ltr'>Compadta</span> <span class='ocrx_word' id='word_1_175' title='bbox 277 2323 335 2393; x_wconf 80' lang='lat' dir='ltr'>cst,</span> <span class='ocrx_word' id='word_1_176' title='bbox 355 2334 387 2382; x_wconf 91' lang='lat' dir='ltr'>ut</span> <span class='ocrx_word' id='word_1_177' title='bbox 405 2329 504 2385; x_wconf 59' lang='lat' dir='ltr'>rumor*</span> <span class='ocrx_word' id='word_1_178' title='bbox 523 2341 585 2396; x_wconf 80' lang='lat' dir='ltr'>caui</span> <span class='ocrx_word' id='word_1_179' title='bbox 604 2325 768 2400; x_wconf 83' lang='lat' dir='ltr'>sonitusque</span> <span class='ocrx_word' id='word_1_180' title='bbox 781 2320 904 2381; x_wconf 75' lang='lat' dir='ltr'>minaces</span> 
     </span>
    </p>

    <p class='ocr_par' dir='ltr' id='par_1_11' title="bbox 111 2394 926 2477">
     <span class='ocr_line' id='line_1_29' title="bbox 111 2394 926 2477; baseline -0.007 -15"><span class='ocrx_word' id='word_1_181' title='bbox 111 2403 324 2462; x_wconf 86' lang='lat' dir='ltr'>Commoueant</span> <span class='ocrx_word' id='word_1_182' title='bbox 344 2395 433 2474; x_wconf 90' lang='lat' dir='ltr'>(licet</span> <span class='ocrx_word' id='word_1_183' title='bbox 447 2400 496 2460; x_wconf 88' lang='lat' dir='ltr'>illa</span> <span class='ocrx_word' id='word_1_184' title='bbox 507 2401 595 2461; x_wconf 85' lang='lat' dir='ltr'>minas</span> <span class='ocrx_word' id='word_1_185' title='bbox 607 2416 769 2477; x_wconf 78' lang='lat' dir='ltr'>urgentque</span> <span class='ocrx_word' id='word_1_186' title='bbox 789 2394 926 2471; x_wconf 86' lang='lat' dir='ltr'>periclum</span> 
     </span>
    </p>

    <p class='ocr_par' dir='ltr' id='par_1_12' title="bbox 61 2470 1022 2628">
     <span class='ocr_line' id='line_1_30' title="bbox 110 2470 1022 2552; baseline -0.011 -14"><span class='ocrx_word' id='word_1_187' title='bbox 110 2474 248 2552; x_wconf 76' lang='lat' dir='ltr'>Nesciat)</span> <span class='ocrx_word' id='word_1_188' title='bbox 267 2476 354 2549; x_wconf 88' lang='lat' dir='ltr'>inque</span> <span class='ocrx_word' id='word_1_189' title='bbox 368 2475 464 2552; x_wconf 84' lang='lat' dir='ltr'>sugam</span> <span class='ocrx_word' id='word_1_190' title='bbox 486 2487 613 2537; x_wconf 82' lang='lat' dir='ltr'>uertant:</span> <span class='ocrx_word' id='word_1_191' title='bbox 631 2475 710 2535; x_wconf 85' lang='lat' dir='ltr'>veiut</span> <span class='ocrx_word' id='word_1_192' title='bbox 724 2476 790 2550; x_wconf 84' lang='lat' dir='ltr'>igne</span> <span class='ocrx_word' id='word_1_193' title='bbox 805 2470 916 2544; x_wconf 84' lang='lat' dir='ltr'>fugatur</span> <span class='ocrx_word' id='word_1_194' title='bbox 1020 2501 1022 2504; x_wconf 57' lang='lat'>&gt;</span> 
     </span>
     <span class='ocr_line' id='line_1_31' title="bbox 61 2546 963 2628; baseline -0.007 -14"><span class='ocrx_word' id='word_1_195' title='bbox 61 2552 210 2622; x_wconf 71' lang='lat' dir='ltr'>arsUndm</span> <span class='ocrx_word' id='word_1_196' title='bbox 231 2550 601 2628; x_wconf 76' lang='lat' dir='ltr'>AEschynomenesdamus,</span> <span class='ocrx_word' id='word_1_197' title='bbox 622 2550 686 2610; x_wconf 77' lang='lat' dir='ltr'>cium</span> <span class='ocrx_word' id='word_1_198' title='bbox 700 2551 840 2626; x_wconf 86' lang='lat' dir='ltr'>tangitur,</span> <span class='ocrx_word' id='word_1_199' title='bbox 858 2546 963 2608; x_wconf 71' lang='lat' dir='ltr'>herbe.</span> 
     </span>
    </p>

    <p class='ocr_par' dir='ltr' id='par_1_13' title="bbox 112 2627 812 2704">
     <span class='ocr_line' id='line_1_32' title="bbox 112 2627 812 2704; baseline -0.01 -12"><span class='ocrx_word' id='word_1_200' title='bbox 112 2633 159 2692; x_wconf 92' lang='lat' dir='ltr'>Sic</span> <span class='ocrx_word' id='word_1_201' title='bbox 170 2633 252 2691; x_wconf 86' lang='lat' dir='ltr'>bruta</span> <span class='ocrx_word' id='word_1_202' title='bbox 267 2629 431 2704; x_wconf 81' lang='lat' dir='ltr'>aufugiunt,</span> <span class='ocrx_word' id='word_1_203' title='bbox 451 2641 483 2688; x_wconf 91' lang='lat' dir='ltr'>ut</span> <span class='ocrx_word' id='word_1_204' title='bbox 501 2644 600 2694; x_wconf 80' lang='lat' dir='ltr'>ternas</span> <span class='ocrx_word' id='word_1_205' title='bbox 614 2629 689 2703; x_wconf 80' lang='lat' dir='ltr'>figna</span> <span class='ocrx_word' id='word_1_206' title='bbox 703 2627 812 2686; x_wconf 80' lang='lat' dir='ltr'>timoris</span> 
     </span>
    </p>

    <p class='ocr_par' dir='ltr' id='par_1_14' title="bbox 95 2703 828 2784">
     <span class='ocr_line' id='line_1_33' title="bbox 95 2703 828 2784; baseline -0.003 -21"><span class='ocrx_word' id='word_1_207' title='bbox 95 2756 97 2763; x_wconf 78' lang='grc'>,</span> <span class='ocrx_word' id='word_1_208' title='bbox 111 2710 139 2767; x_wconf 84' lang='lat' dir='ltr'>A</span> <span class='ocrx_word' id='word_1_209' title='bbox 154 2709 209 2773; x_wconf 88' lang='lat' dir='ltr'>ritu</span> <span class='ocrx_word' id='word_1_210' title='bbox 223 2705 348 2784; x_wconf 87' lang='lat' dir='ltr'>pendere</span> <span class='ocrx_word' id='word_1_211' title='bbox 361 2718 460 2771; x_wconf 88' lang='lat' dir='ltr'>mero,</span> <span class='ocrx_word' id='word_1_212' title='bbox 482 2719 567 2776; x_wconf 87' lang='lat' dir='ltr'>quem</span> <span class='ocrx_word' id='word_1_213' title='bbox 577 2736 580 2743; x_wconf 91' lang='lat'>·</span> <span class='ocrx_word' id='word_1_214' title='bbox 589 2703 702 2762; x_wconf 89' lang='lat' dir='ltr'>condita</span> <span class='ocrx_word' id='word_1_215' title='bbox 718 2703 828 2764; x_wconf 87' lang='lat' dir='ltr'>servant</span> 
     </span>
    </p>

    <p class='ocr_par' dir='ltr' id='par_1_15' title="bbox 112 2777 857 2856">
     <span class='ocr_line' id='line_1_34' title="bbox 112 2777 857 2856; baseline -0.001 -17"><span class='ocrx_word' id='word_1_216' title='bbox 112 2781 242 2854; x_wconf 82' lang='lat' dir='ltr'>Organa3</span> <span class='ocrx_word' id='word_1_217' title='bbox 264 2798 323 2842; x_wconf 87' lang='lat' dir='ltr'>non</span> <span class='ocrx_word' id='word_1_218' title='bbox 343 2795 441 2838; x_wconf 81' lang='lat' dir='ltr'>verum</span> <span class='ocrx_word' id='word_1_219' title='bbox 456 2777 628 2856; x_wconf 81' lang='lat' dir='ltr'>fugientibus</span> <span class='ocrx_word' id='word_1_220' title='bbox 643 2779 698 2838; x_wconf 85' lang='lat' dir='ltr'>csse</span> <span class='ocrx_word' id='word_1_221' title='bbox 716 2780 857 2840; x_wconf 89' lang='lat' dir='ltr'>timorem.</span> 
     </span>
    </p>

    <p class='ocr_par' dir='ltr' id='par_1_16' title="bbox 62 2853 912 3005">
     <span class='ocr_line' id='line_1_35' title="bbox 108 2853 912 2941; baseline -0.004 -26"><span class='ocrx_word' id='word_1_222' title='bbox 108 2857 219 2915; x_wconf 76' lang='lat' dir='ltr'>Omnia</span> <span class='ocrx_word' id='word_1_223' title='bbox 238 2873 343 2932; x_wconf 82' lang='lat' dir='ltr'>nempe</span> <span class='ocrx_word' id='word_1_224' title='bbox 353 2853 427 2941; x_wconf 66' lang='lat' dir='ltr'>ieras</span> <span class='ocrx_word' id='word_1_225' title='bbox 444 2870 502 2914; x_wconf 88' lang='lat' dir='ltr'>non</span> <span class='ocrx_word' id='word_1_226' title='bbox 516 2855 597 2930; x_wconf 75' lang='lat' dir='ltr'>aque</span> <span class='ocrx_word' id='word_1_227' title='bbox 618 2871 759 2915; x_wconf 87' lang='lat' dir='ltr'>murmura</span> <span class='ocrx_word' id='word_1_228' title='bbox 775 2858 912 2924; x_wconf 83' lang='lat' dir='ltr'>turbant,‘·</span> 
     </span>
     <span class='ocr_line' id='line_1_36' title="bbox 62 2929 826 3005; baseline 0.003 -18"><span class='ocrx_word' id='word_1_229' title='bbox 62 2934 180 2999; x_wconf 75' lang='lat' dir='ltr'>700N0n</span> <span class='ocrx_word' id='word_1_230' title='bbox 201 2950 302 2992; x_wconf 89' lang='lat' dir='ltr'>omnes</span> <span class='ocrx_word' id='word_1_231' title='bbox 314 2949 408 2992; x_wconf 90' lang='lat' dir='ltr'>rerum</span> <span class='ocrx_word' id='word_1_232' title='bbox 422 2929 539 3005; x_wconf 84' lang='lat' dir='ltr'>effigies.</span> <span class='ocrx_word' id='word_1_233' title='bbox 570 2931 698 2992; x_wconf 86' lang='lat' dir='ltr'>Horrere</span> <span class='ocrx_word' id='word_1_234' title='bbox 715 2932 826 2992; x_wconf 85' lang='lat' dir='ltr'>videtur</span> 
     </span>
    </p>

    <p class='ocr_par' dir='ltr' id='par_1_17' title="bbox 112 3004 958 3085">
     <span class='ocr_line' id='line_1_37' title="bbox 112 3004 958 3085; baseline -0.005 -15"><span class='ocrx_word' id='word_1_235' title='bbox 112 3007 232 3070; x_wconf 85' lang='lat' dir='ltr'>Hostem</span> <span class='ocrx_word' id='word_1_236' title='bbox 254 3008 476 3084; x_wconf 74' lang='lat' dir='ltr'>quaquesuam:</span> <span class='ocrx_word' id='word_1_237' title='bbox 500 3007 578 3065; x_wconf 85' lang='lat' dir='ltr'>cervi</span> <span class='ocrx_word' id='word_1_238' title='bbox 596 3005 739 3085; x_wconf 76' lang='lat' dir='ltr'>damnaque</span> <span class='ocrx_word' id='word_1_239' title='bbox 757 3004 909 3069; x_wconf 79' lang='lat' dir='ltr'>molossos.</span> <span class='ocrx_word' id='word_1_240' title='bbox 955 3074 958 3080; x_wconf 25' lang='lat'>¹</span> 
     </span>
    </p>

    <p class='ocr_par' dir='ltr' id='par_1_18' title="bbox 111 3081 866 3164">
     <span class='ocr_line' id='line_1_38' title="bbox 111 3081 866 3164; baseline -0.007 -20"><span class='ocrx_word' id='word_1_241' title='bbox 111 3085 284 3160; x_wconf 71' lang='lat' dir='ltr'>Accipitrem</span> <span class='ocrx_word' id='word_1_242' title='bbox 297 3085 414 3160; x_wconf 81' lang='lat' dir='ltr'>perdix,</span> <span class='ocrx_word' id='word_1_243' title='bbox 436 3081 553 3144; x_wconf 76' lang='lat' dir='ltr'>mirum</span> <span class='ocrx_word' id='word_1_244' title='bbox 569 3085 690 3163; x_wconf 75' lang='lat' dir='ltr'>galima,</span> <span class='ocrx_word' id='word_1_245' title='bbox 710 3085 866 3164; x_wconf 88' lang='lat' dir='ltr'>lupumque</span> 
     </span>
    </p>
   </div>
   <div class='ocr_carea' id='block_1_4' title="bbox 62 3159 1027 3280">
    <p class='ocr_par' dir='ltr' id='par_1_19' title="bbox 62 3159 1027 3280">
     <span class='ocr_line' id='line_1_39' title="bbox 62 3159 1027 3280; baseline 0 -63"><span class='ocrx_word' id='word_1_246' title='bbox 62 3194 125 3280; x_wconf 53' lang='grc' dir='ltr'>ι</span> <span class='ocrx_word' id='word_1_247' title='bbox 832 3168 850 3243; x_wconf 57' lang='lat' dir='ltr'>t</span> <span class='ocrx_word' id='word_1_248' title='bbox 963 3159 1027 3217; x_wconf 79' lang='lat' dir='ltr'>Bos</span> 
     </span>
    </p>
   </div>
   <div class='ocr_carea' id='block_1_5' title="bbox 0 0 1079 3502">
    <p class='ocr_par' dir='ltr' id='par_1_20' title="bbox 0 0 1079 3502">
     <span class='ocr_line' id='line_1_40' title="bbox 0 0 1079 3502; baseline 0 0"><span class='ocrx_word' id='word_1_249' title='bbox 0 0 1079 3502; x_wconf 95' lang='lat' dir='ltr'> </span> 
     </span>
    </p>
   </div>
  </div>
 </body>
</html>
