2144 3502
97 167 330 230 sinon
395 130 746 227 oceanus.
825 146 889 239 'su

50 303 128 362 suum
142 299 271 361 servante
282 297 378 368 ficum,
401 299 489 375 magis
505 317 537 356 ac
556 270 644 372 magis
659 294 710 355 illo

36 374 167 439 stabimur
179 376 277 447 bivio,
296 392 354 448 quo
368 376 419 435 Sol
433 377 461 433 in
475 378 583 435 uertice
599 373 684 432 nobis

36 483 37 507 1
52 454 208 515 videbatur.
249 453 332 510 Laevl
344 451 506 511 decrescere
520 451 640 521 nostes,

36 530 120 592 acitb
133 528 293 604 percipiunt
307 527 420 598 Solem,
441 530 577 606 tardeque
592 528 771 602 relinquunt:

36 608 82 679 eri
95 607 212 678 dextri,
232 621 296 664 nam
313 602 392 663 tarde
406 606 530 663 cernitur
544 605 614 675 illis,

36 685 85 745 :itb
99 682 264 758 praeripitur.
292 683 356 740 Lux
370 682 460 752 major
473 678 499 737 dt
511 683 605 739 acrior
619 680 692 751 illic,

36 761 129 820 oribus
144 757 259 817 frondes
277 755 303 815 dt
320 757 426 831 cample
443 756 520 814 elicit
532 757 649 824 herbasr

36 834 168 913 tepefasla
183 835 267 893 nouis
284 832 339 892 late
354 833 412 891 sola
426 833 545 908 floribus
558 847 650 894 ornat.

36 917 87 973 :ior
102 911 189 972 bic&
204 910 364 986 languidior
375 909 557 986 compescere
573 910 672 970 succos

36 991 90 1067 pit,
110 1007 143 1047 ac
157 991 277 1067 pingens
294 985 508 1046 maturescentia
526 1002 629 1062 poma,
815 1021 831 1057 s

36 1079 112 1127 entes
129 1066 209 1124 senio
223 1063 375 1123 meditatur
388 1062 512 1122 stcmere
525 1063 653 1124 frondes.

37 1158 129 1204 nunus
144 1142 230 1217 Capri
244 1138 301 1212 eil,
324 1151 443 1198 vernant
453 1141 519 1200 loca
531 1138 642 1201 subdita
656 1139 778 1205 Cancro.

42 1313 107 1356 ens
127 1292 200 1352 adeb
212 1292 319 1352 menses
334 1292 429 1352 alieno
442 1294 556 1354 turbine
569 1293 686 1366 Tellus,

37 1389 49 1429 :r
64 1371 178 1447 proprii
193 1372 298 1444 rapitur
314 1371 467 1444 vertigine,
489 1370 569 1430 cellit
584 1371 618 1428 ad
635 1382 747 1432 ortum:
819 1372 824 1383 '

44 1447 144 1507 novies
160 1446 239 1506 denis
254 1461 428 1522 unoquoque
445 1447 544 1507 diebus
558 1444 586 1506 dr
601 1447 680 1506 horis
828 1492 831 1499 .

37 1543 70 1585 ne
86 1523 204 1599 viginti,
225 1521 419 1597 tropicarum,
431 1525 556 1584 circulus
565 1525 638 1585 alter
826 1518 836 1588 ἰ

36 1614 125 1660 ratore
142 1601 250 1668 minor,
270 1600 374 1683 placuit
388 1618 473 1674 quem
492 1600 587 1660 dicere
600 1600 716 1676 Cancri,
832 1622 839 1653 r

37 1678 90 1736 ndo
104 1677 145 1737 sul
160 1675 276 1735 ssmilem
292 1675 366 1735 coelo
380 1675 503 1750 deignat
519 1678 547 1734 in
561 1677 639 1750 alto,
832 1664 839 1687 ’

37 1754 85 1814 ulit
100 1754 134 1812 ad
149 1753 256 1813 Solem.
283 1751 389 1808 Trailu
404 1754 577 1825 quicumque
591 1752 640 1813 sub
654 1753 705 1814 illo
719 1754 776 1833 est,
837 1756 840 1761 '

37 1829 80 1889 dle
95 1830 190 1889 medii
204 1827 283 1902 supra
297 1837 381 1900 caput
393 1827 490 1898 aspicit
507 1827 624 1891 alirum;

40 1898 165 1965 transrbit
178 1900 254 1960 enim
272 1917 322 1973 per
335 1898 449 1973 planum
463 1899 538 1960 Solis
552 1904 580 1960 in
595 1903 675 1964 hori.
778 1908 784 1923 ”

37 1979 72 2038 cle
84 1976 254 2053 corporibus
268 1973 344 2035 nulla
363 1973 417 2043 est,
440 1973 476 2050 de
496 1979 640 2038 montibus
656 1981 734 2056 ipsis,

47 2055 128 2113 cadat
143 2048 334 2140 umbra-solo:
354 2065 529 2128 quapropter
541 2054 599 2114 visa
613 2057 714 2134 Syene

37 2139 264 2272 stirmis?
279 2124 764 2282 iisiiidgil'lisllinare

37 2281 91 2342 lies
108 2292 174 2341 toto
186 2279 274 2340 radiat
288 2279 460 2356 longiffimus
474 2300 568 2359 anno,

37 2361 48 2416 l
61 2370 141 2436 parte
152 2357 232 2434 globi
246 2356 372 2430 geminas
387 2373 448 2433 quae
462 2363 557 2437 vergit
569 2363 606 2423 acl
619 2365 734 2430 Arbios.

51 2436 126 2494 enim
168 2435 234 2494 lano
249 2429 312 2491 citro
326 2437 455 2510 proxima
470 2435 537 2510 fiat,
558 2439 585 2500 &
603 2445 695 2506 omnis

38 2512 90 2571 tlu's
103 2509 137 2570 ad
146 2451 273 2572 ffioream
285 2509 322 2570 src
334 2523 496 2573 attenuetur
509 2528 541 2575 ut
554 2534 643 2579 unum

37 2604 74 2648 rat
89 2588 117 2648 ln
129 2588 280 2665 pomum,
303 2585 388 2646 radiis
402 2590 577 2668 immergitur
591 2598 705 2674 amplis3

38 2663 87 2724 ,ate
105 2665 210 2725 circitor
224 2662 304 2729 effufi
317 2664 365 2723 vix
380 2668 495 2741 parvula
512 2673 588 2733 nosll

38 2733 110 2798 ualld
125 2740 231 2812 inunt,
252 2740 279 2801 dt
294 2741 380 2812 ionga
392 2746 553 2820 crepuscula
566 2749 701 2818 formant

38 2817 81 2876 ine
101 2825 241 2892 perpetuo
254 2818 323 2894 quin
336 2814 461 2881 &Polus
477 2823 536 2897 ipse
547 2829 666 2903 potitur.
892 2797 899 2831 ⁸

38 2983 174 3028 taenea
193 2967 327 3046 (cernis)
346 2974 458 3049 penitus
471 2981 613 3038 contraria
628 2981 710 3045 sentit

38 3061 40 3074 ·
54 3043 224 3119 semiglobus
239 3045 334 3106 Terrae
348 3093 356 3118 ,
377 3053 426 3125 qui
440 3056 531 3128 vergit
547 3054 581 3113 ad
595 3058 748 3127 Austrumr

38 3121 71 3182 lls
85 3122 173 3198 plano
190 3120 277 3199 lungd
296 3122 440 3204 longeque
454 3130 581 3192 recellit:

792 3215 911 3283 usone
