2144 3502
57 129 166 228 ,με
257 116 894 202 anconitanam:

155 290 217 353 2⁰..
237 279 384 374 Proponit
417 301 455 357 aa
483 302 551 374 ota
575 279 618 353 ab
640 280 750 356 Atlteis
778 282 869 379 objici
882 279 1008 377 solent:

54 457 59 466 ,
103 384 151 454 1'0.
170 378 328 452 Mundam
350 377 456 449 debera
478 373 536 474 ff
559 392 719 455 aternum.
760 391 807 454 2⁰.
827 381 937 455 Multa
954 379 1008 476 effa

99 481 134 550 in
150 478 268 552 Mundi
282 494 367 570 opere
382 476 472 546 nitio.
503 487 551 568 30.
570 477 680 549 Malta
698 480 791 551 etiam
808 480 841 548 in
858 481 1009 564 moribus,

99 600 168 672 qna
188 576 289 648 Deum
307 587 363 643 ant
382 595 441 642 nan
453 569 580 666 summi
594 577 703 647 bonnm
713 626 725 663 ,
749 592 805 649 ant
819 575 1008 674 nansutntnl

97 688 251 774 potentem
268 687 425 765 arguant:
451 671 524 743 inv.
546 693 631 766 470.
649 671 693 744 ad
717 696 752 745 v.
776 670 879 762 55ι.4
944 752 946 756 ,

152 863 320 963 Respondet
359 863 406 938 1'0.
427 866 582 939 Mundam
599 861 656 960 per
668 863 708 960 se
731 887 789 938 non
806 863 886 959 ff,
910 866 1009 963 seda

101 967 172 1042 Deo
190 977 328 1035 creatam
346 962 415 1036 oleon
437 966 552 1049 voluit,
578 986 616 1032 ae
624 959 664 1055 se
675 979 807 1055 propter.
841 976 888 1035 2⁰.
909 968 1009 1038 Men-

103 1068 146 1135 tis
161 1064 303 1134 hamana
318 1065 419 1147 vitia,
440 1083 514 1132 nam
528 1060 568 1129 ab
582 1060 630 1129 ln's
647 1061 770 1153 incipit,
789 1082 847 1130 non
863 1084 903 1131 eor
918 1064 1012 1152 Deo,

94 1159 157 1258 sed
178 1182 216 1230 ea
242 1157 342 1252 abusa
364 1158 518 1231 libertatis
542 1159 641 1243 orirt3
656 1153 787 1252 sublati
808 1161 952 1252 percandi
967 1163 1011 1229 li-

102 1261 242 1343 dertare,
258 1253 412 1352 fntnrnm
438 1268 472 1325 nt
498 1277 552 1327 neo
577 1255 652 1327 bene
676 1279 768 1350 agere
791 1257 876 1327 horno
891 1253 1011 1350 niffen

93 1351 176 1454 snos
189 1348 472 1451 semper-sontibus
493 1371 602 1448 poenas
619 1349 695 1446 effe,
719 1351 780 1450 sed
794 1355 946 1424 interdum
955 1353 1010 1450 se·

101 1474 166 1541 ras.
193 1466 241 1543 3⁰4
258 1453 309 1523 Ea
323 1472 388 1543 ona
403 1451 436 1520 in
452 1449 574 1520 Munda
589 1447 729 1546 mendosa
746 1452 907 1527 videntur,
927 1454 1013 1525 troad

94 1547 167 1644 fine
185 1545 281 1643 cansd
304 1552 351 1617 ito
375 1544 640 1640 constitutaeffi3
665 1551 849 1618 temeritatis
865 1545 923 1640 offe
938 1573 1010 1621 cor·

98 1665 171 1741 pare
179 1643 329 1743 fingola,
355 1643 425 1713 dnm
443 1641 630 1739 nniversase
650 1645 723 1714 belld
737 1645 856 1714 dabant.
894 1647 1014 1734 Consu:

101 1753 152 1812 tat
166 1736 294 1832 impiam
311 1739 397 1812 illam
403 1735 611 1835 sententiam:
626 1739 762 1812 Primus*
772 1739 806 1813 ia
815 1740 899 1815 orbe
908 1742 1009 1818 Deos

97 1834 187 1912 lecit
204 1835 324 1911 timor:
352 1835 423 1912 inv.
441 1856 525 1929 551.
547 1839 589 1912 ad
606 1861 642 1913 v.
660 1845 742 1930 854·
943 1860 950 1869 ·

56 2114 58 2119 ,
150 2032 269 2105 Probat
289 2034 484 2135 Religionem
505 2058 566 2126 non
591 2055 631 2107 ex
654 2047 720 2105 orte
737 2033 864 2128 politicd
879 2049 1010 2107 natam:

102 2129 336 2226 nonfadlitiom
355 2129 411 2224 effi:
426 2136 527 2205 ideam
542 2135 606 2207 Dei
614 2156 628 2218 ,·
643 2131 858 2203 Idololatriam
871 2131 1010 2226 hamstra

99 2232 267 2323 qnamdam
291 2226 349 2322 effa
376 2227 398 2298 d
427 2229 591 2325 Religione
616 2229 755 2302 natarali
785 2231 1009 2303 divertentem:

100 2322 317 2419 Atheumsnis
332 2323 431 2421 ipsane
446 2331 544 2398 aronio
557 2328 707 2399 debellat:
732 2325 860 2424 ostendit
874 2327 929 2422 effe
945 2331 1010 2400 ali·

101 2424 174 2517 qnid
195 2421 373 2514 infinitam:
400 2448 439 2495 ex
459 2427 700 2518 perceptionibus
725 2423 858 2527 nastris,
885 2447 924 2495 ex
941 2448 1011 2496 cor.

94 2522 181 2616 pori:
197 2515 239 2600 &¹
255 2522 366 2592 mentis
381 2520 551 2618 affidnnm
568 2519 692 2616 intense
706 2524 922 2592 communitate
935 2539 1011 2614 pro.

99 2620 156 2692 bat
174 2621 275 2691 Deam
298 2614 373 2712 effe,
405 2643 529 2713 eumque
551 2641 604 2690 nea
631 2619 747 2689 Mundi
768 2618 925 2704 animam,
953 2644 1010 2692 naa

98 2739 141 2788 eoo
156 2720 296 2788 omnibns
320 2719 471 2788 mentibus
492 2713 662 2810 conflatam
680 2709 748 2807 effa
774 2712 943 2812 Quintium
964 2711 1012 2788 iod

97 2816 248 2884 virtatem
263 2807 306 2893 ἐξ
319 2815 363 2884 ad
380 2814 526 2884 revelata
540 2814 687 2883 veritatis
703 2809 934 2905 indagationem
945 2836 1018 2891 aa«.

95 2909 197 2987 citat:
222 2911 241 2982 io
266 2933 302 2984 v.
324 2917 406 3004 854.
434 2908 476 2986 ad
492 2907 610 2986 fiuent.

912 3065 1009 3193 aon.
