2144 3502
40 132 96 177 rao
129 153 133 161 -
214 103 339 174 alliu
358 104 432 173 l-l„
453 111 528 187 UC
546 109 574 174 R
594 108 671 177 ΕΤ
684 108 794 176 l'u'u.

6 266 34 309 ςο
41 247 88 304 Ne
101 240 182 301 cadat
195 257 232 299 ex
245 243 342 302 animo
359 222 499 319 quidquid
512 246 569 314 ianr
585 247 638 306 rire
658 247 806 322 probatum
826 237 905 305 esta*

42 320 169 382 Vidimus
184 318 212 375 iu
232 319 349 393 Spatio,
371 319 465 377 nullus
480 321 557 394 quod
581 325 718 381 terminus
735 319 842 390 ambit,

41 395 219 459 Ponderibus
234 411 293 451 non
306 395 363 454 effe
383 396 494 454 locum:
517 397 584 470 quia
600 397 725 466 scilicet,
749 396 823 456 unde

42 476 79 533 Er
97 472 155 548 qud
170 468 358 539 descendant,
379 488 439 530 non
454 470 509 533 ell;
532 470 648 546 supera,
671 475 765 532 infima
782 472 896 537 deinum

43 553 105 609 Nec
119 547 221 605 sursum
243 545 367 616 idcirce,
388 565 441 607 nec
456 546 587 607 debrsum
607 547 725 606 tendere
740 551 845 624 quovis

0 641 36 684 rs
47 623 125 685 Polie
142 620 230 680 modo
252 622 325 681 fieres
340 624 485 696 Atomos‚
504 640 679 699 quacunque
694 624 837 683 darentur.
896 642 902 655 ¹

45 705 114 776 Spes
131 699 243 757 Atomis
258 700 342 775 igitur
355 701 502 774 gravitatis
521 700 597 759 nulla
615 699 708 758 sutura
723 697 771 756 est.

45 779 75 838 Si
96 775 172 832 nulla
189 770 229 830 est
248 777 386 850 gravitas,
409 777 479 852 ergo
495 778 537 836 vis
552 775 629 835 nulia
648 775 801 834 movendi:

46 849 162 910 Causam
178 852 283 909 etenim
303 853 398 912 motils
413 857 467 911 unu
485 854 514 912 in
528 852 664 928 gravitate
678 851 801 908 locabas.

46 926 133 985 Unde
150 924 230 981 vides
243 925 367 985 Atomos
381 944 559 1005 nequaquam
581 926 659 1002 poss'e
673 926 799 989 moveri3

13 1003 103 1060 ⁶0Vel
118 1000 137 1058 sr
150 1012 243 1060 motus
264 1002 349 1072 inest,
372 1004 452 1063 nullo
465 1005 626 1062 coalescere
641 1020 725 1063 nexu.

48 1077 200 1151 Egregium
217 1094 293 1135 nunc
312 1079 415 1152 dogma
427 1081 498 1137 boni
513 1080 615 1138 mirare
631 1077 763 1140 Lucreti!

48 1155 119 1232 Qua
136 1152 281 1213 rnarrisella
294 1167 387 1230 putat,
411 1153 557 1213 manifeste
570 1153 636 1213 salsa
652 1158 822 1231 probantur:

48 1231 87 1289 Et
100 1228 119 1287 fi
134 1246 202 1289 vera
215 1228 328 1301 forent,
350 1228 428 1306 quod
442 1229 552 1307 colligit
566 1231 621 1289 else
636 1233 776 1307 nequiret.

84 1380 183 1441 Smne
203 1383 250 1451 fit,
273 1382 366 1440 oblati
382 1400 474 1442 rerum
490 1395 521 1442 ut
536 1381 687 1442 dulcedine
701 1383 777 1455 capti
878 1446 880 1450 ,

19 1459 193 1517 SMiremur
213 1457 328 1528 faciles,
348 1459 505 1532 plausuque
523 1457 669 1533 sequamur
684 1460 776 1515 amico

51 1535 108 1611 Qui
128 1550 180 1587 nos
195 1531 349 1605 decipiunt.
376 1535 481 1612 Quales
497 1535 634 1604 iocularia
654 1532 731 1590 mimi

51 1607 186 1679 Prodigia
201 1619 352 1666 exercent:
374 1610 467 1684 digitis
487 1610 517 1666 hi
531 1624 652 1682 namque
671 1609 806 1667 micantes

53 1684 189 1740 Attentos
210 1678 311 1740 fallunt
325 1685 441 1751 oculos,
462 1684 528 1744 dum
550 1683 660 1743 vascula
678 1685 796 1742 tradant

55 1757 128 1832 Apta
142 1755 231 1814 dolis:
253 1755 378 1819 fraudem
395 1762 514 1819 velatam
530 1765 652 1836 prepete
672 1759 774 1836 gestu,

16 1835 141 1910 ”Virga
155 1830 183 1890 dr
197 1851 271 1891 voce
282 1835 398 1907 juvant3
418 1836 445 1895 dt
464 1838 644 1912 ubiposuere
661 1833 802 1909 lapillum,

54 1907 216 1973 Oilenduut
234 1910 389 1970 volucrem.
411 1914 577 1986 stuperore
596 1915 707 1987 ignarus
723 1910 815 1971 hianti

53 1986 217 2062 spectator:
241 1998 365 2059 temnat,
385 1988 404 2047 sr
424 1988 540 2063 quando
555 1990 671 2047 noverit
688 1999 785 2049 artem.

54 2061 140 2123 Haud
155 2062 236 2121 aliter
253 2061 338 2121 solers
355 2065 456 2122 oculos
470 2063 580 2121 auferre
595 2065 702 2133 Podta,

55 2139 177 2198 Excusso
197 2140 249 2198 tibi
268 2138 383 2198 debebit
403 2140 523 2199 ludibria
539 2135 622 2199 fuco·

19 2233 46 2277 75
56 2215 133 2291 Quid
147 2215 178 2274 srt
192 2215 267 2273 enirn
283 2216 405 2288 gravitas
420 2217 526 2292 quovis
540 2215 569 2272 in
587 2230 728 2287 corpore,
747 2212 876 2272 nondum

56 2287 212 2360 Perspexti:
233 2305 297 2347 nam
312 2293 482 2364 corporibus
497 2288 571 2349 maid
589 2289 680 2348 credis
694 2289 781 2347 inell'e

55 2362 187 2424 Materiae
208 2372 311 2420 certam
327 2379 358 2424 ut
372 2369 523 2430 comitem
543 2364 763 2439 exemplumque
783 2362 884 2422 creatis
953 2386 963 2409 ·-

57 2436 180 2496 Arebus
197 2434 297 2500 stolide
312 2454 407 2501 rerum
422 2443 458 2503 ad
473 2438 627 2518 primordia
642 2439 732 2498 ducis.

59 2513 188 2588 Corpora
202 2509 280 2586 quud
298 2512 396 2574 videas
413 2519 443 2576 ln
462 2530 564 2580 tertam
579 2515 698 2590 plurima
719 2513 791 2581 labi,

6 2590 193 2664 uallumque
213 2591 453 2663 immotajacent,
473 2591 509 2652 ad
522 2602 650 2649 centrum
662 2604 798 2663 vergere,
820 2585 915 2663 edqne

60 2667 166 2723 Donec
182 2669 349 2742 perueniant
362 2668 509 2728 molimine
522 2665 641 2729 tendere
655 2676 752 2731 certo,

63 2740 199 2814 Corporis
216 2743 424 2818 idcircogenus
440 2758 526 2801 omne
545 2740 705 2817 gravescere
725 2739 820 2801 censes

62 2816 117 2874 Per
131 2816 158 2873 se
172 2819 280 2890 ipsum,
300 2835 384 2895 atque
399 2818 464 2878 illuc
485 2818 582 2877 innato
596 2815 724 2892 pondere
740 2814 820 2881 ferri.
839 2844 843 2851 ¹

63 2892 156 2961 Tanta
176 2893 244 2954 sides
260 2896 370 2967 oculis,
390 2912 424 2953 ac
446 2892 602 2953 diffidentia
617 2895 704 2950 menti
719 2892 781 2952 esti*

11 2965 113 3041 rsrllst
127 2968 227 3035 etiam,
248 2973 266 3031 fi
287 2971 345 3039 sola
372 2972 425 3031 tibi
445 2970 477 3031 fit
492 2969 587 3044 regula
604 2967 711 3039 sensus,

64 3043 121 3106 Cur
134 3058 194 3107 non
209 3046 339 3114 Materia
355 3047 457 3116 levitas
476 3048 571 3116 inuata
590 3045 718 3117 viderur,
905 3122 974 3188 cor-
