2144 3502
79 163 135 234 184
254 143 831 226 Avn12'LJtrc'sn'n-'vlrue

77 288 256 364 Negietii-ve
271 289 379 359 pudor3
401 295 469 350 rium
488 295 587 353 cunita
605 291 720 368 negotia
731 305 830 362 curat.
864 295 878 307 ‘⁴
915 302 918 309 '

46 367 215 441 toi'ungitur
235 364 354 436 officiis,
375 384 487 426 morum
506 368 556 426 fibi
572 370 664 440 justa,
691 371 804 444 suisque

78 441 221 518 Dogmata
241 442 401 507 coniiituit3
422 445 486 518 quis
502 441 615 502 demum
629 447 695 504 talia
708 445 839 521 praestans

78 520 147 578 Non
162 520 322 578 libertatem
337 518 364 576 se
378 518 551 593 persentire3
571 519 684 596 fruique

78 594 145 672 Jure
163 595 206 653 sui
217 593 350 665 arbitrii,
371 609 429 653 non
453 598 569 656 externi
586 594 724 654 domitum
744 593 774 652 vi

79 669 229 740 ‘i'estatur‚
249 667 376 745 vereque
388 674 512 745 probati
531 671 598 731 Nec
614 670 741 747 publicus
756 687 838 729 error

47 749 111 814 trin
125 762 230 822 genere
246 744 302 803 hoc
325 748 472 808 homiuum
487 744 541 809 effe
555 746 647 823 potest
663 744 827 814 consensus,
849 741 879 802 δε
896 761 953 806 una

80 823 251 881 Cunctorum
265 824 330 880 vitae
344 825 432 882 tutio:
453 823 502 884 sed
516 823 626 883 conscia
644 822 705 880 veri

78 903 143 959 Lux
163 897 190 956 bc
208 897 321 956 Naturae
336 898 437 958 radius.
458 902 573 980 Quippe
590 900 686 957 omnia
704 891 802 956 frustra

80 976 166 1042 Haec,
190 983 275 1046 atque
290 973 392 1033 insulse
408 975 524 1045 fierent,
545 975 564 1034 ss
580 973 718 1048 compede
734 969 802 1028 duri

80 1049 196 1107 Vinftus
210 1047 317 1119 homo,
339 1066 372 1108 ac
383 1067 508 1126 praeceps
521 1051 666 1126 ageretur:
685 1048 788 1110 utana
802 1047 914 1103 moveri

42 1145 76 1186 :so
83 1123 233 1196 Materies,
257 1126 312 1200 qui
324 1140 407 1201 parre
422 1127 536 1201 impulsa
554 1125 613 1198 est,
634 1128 747 1204 cogitur
761 1120 865 1181 omnis.

81 1200 127 1260 Sic
143 1217 236 1278 neque
249 1201 388 1276 praeclaris
404 1203 546 1264 formandi
561 1205 669 1279 iegibus
684 1201 771 1262 effent

81 1277 248 1337 Conventus
263 1279 452 1352 populorum
473 1279 566 1354 aliqui
579 1297 632 1339 nee
650 1279 761 1339 civibus
777 1285 839 1334 arte

77 1350 257 1428 Inspirandus
271 1365 351 1410 amor
364 1353 482 1419 Patriae,
501 1354 695 1429 fleetendaque
709 1348 798 1412 corda
840 1377 845 1385 ·

79 1431 111 1488 In
126 1444 278 1488 commune
293 1428 412 1485 bonum.
432 1430 533 1504 Magni
546 1447 616 1502 gens
630 1428 753 1489 fluminis
772 1425 858 1484 instar

42 1508 209 1637 :nguaeque
226 1502 317 1564 forcts
338 1501 416 1573 quod
437 1504 646 1573 ammonitis,
666 1502 851 1578 precibusve,
868 1497 992 1562 minisve

108 1581 225 1640 incitur;
244 1573 284 1632 ast
297 1575 421 1632 humiles
433 1575 530 1634 insano
550 1579 661 1634 vortice
677 1579 749 1652 ripas

78 1651 248 1724 Exsuperat,
269 1647 389 1723 latisque
409 1649 494 1709 audet
508 1651 535 1709 ie
555 1649 704 1709 effundere
724 1650 847 1723 campis,

78 1725 272 1797 Proximisque
287 1723 394 1795 injectis
415 1725 520 1785 vastare
537 1725 686 1802 paludibus
701 1741 783 1784 arva:

79 1801 276 1878 Nequicquam
296 1801 443 1876 aggeribus
458 1814 568 1862 tentant
583 1802 699 1861 frenare
714 1797 871 1873 rebeliem,

42 1875 284 1951 :opinioeiiesque
300 1875 401 1948 jubent
413 1878 499 1938 aiveo
511 1880 540 1938 se
561 1877 687 1937 condere
709 1878 814 1938 flutius.

81 1956 147 2015 Nec
165 1952 316 2029 disciplinis
333 1955 416 2013 etiam
436 1955 594 2015 exercenda
615 1956 752 2033 Juventus

79 2031 290 2106 Praeceptisque
308 2030 409 2097 bonis;
429 2043 458 2090 at
477 2033 542 2106 vitis
562 2047 642 2089 more
662 2028 803 2098 colenda,

79 2107 198 2166 Arboris
215 2121 262 2167 aut
277 2119 395 2174 tenere,
416 2109 508 2183 paries
521 2124 605 2183 quam
625 2105 722 2180 pandit
737 2108 855 2178 apricus.
932 2135 933 2138 ¹
982 2109 985 2116 '

79 2183 155 2244 Nam
172 2183 243 2243 letio
258 2184 384 2257 plantata
400 2182 479 2256 toto,
502 2182 666 2258 tantir'mqne
685 2181 786 2242 teretis

42 2259 205 2330 ‚osbuxurie
220 2257 381 2327 foliorum,
401 2259 457 2334 ipsi
476 2261 503 2317 vi
519 2259 641 2332 denique
660 2254 736 2316 Solis
755 2259 761 2270 “

80 2336 124 2393 Ac
138 2345 218 2391 terra
234 2333 348 2399 crescit3
369 2331 509 2410 faunique
524 2333 676 2402 imunere
695 2334 775 2405 coeii,
867 2333 871 2340 '

76 2407 195 2490 Nescia,
216 2419 388 2484 progenerat
401 2411 505 2472 fruitus
520 2425 673 2487 ramosque
694 2411 831 2472 valentes.

118 2564 268 2642 Ecquru
289 2562 363 2621 enim
383 2563 470 2625 Ratio
485 2561 543 2622 ime
558 2561 689 2621 libertate
706 2563 839 2635 juvaret?

62 2685 64 2692 .
81 2640 205 2701 Cernere
219 2640 287 2719 quid
301 2637 416 2716 prodest
429 2656 491 2712 quae
505 2638 717 2697 conveniuntve
734 2642 897 2714 nocentve,

42 2716 111 2774 nost
127 2733 185 2775 non
200 2720 246 2778 ilia
259 2716 359 2792 sequi,
380 2730 440 2773 non
456 2715 517 2773 hec
534 2709 657 2786 fugitare
673 2714 791 2772 viciffinr
844 2765 845 2768 ,

79 2788 180 2850 Nostri
201 2795 269 2864 iuris
285 2791 362 2852 criti
382 2791 466 2850 Tunc
484 2790 514 2846 in
533 2789 700 2848 mortalibus
717 2790 797 2861 aegris

77 2867 165 2927 Mens
179 2878 304 2940 torperet
321 2870 414 2938 iners,
434 2863 571 2941 penderet
587 2880 658 2921 vana
672 2863 812 2938 supellex:

77 2943 194 3024 Quippe
208 2944 255 2998 ubi
276 2943 302 3001 ie
321 2943 415 3002 multis
432 2939 601 3016 deprensum
617 2941 737 3014 quisque
751 2945 865 3017 periclis

78 3018 225 3088 Senserit,-
240 3016 324 3088 inque
344 3020 390 3078 sui
410 3019 528 3096 positam
549 3016 656 3074 virtute
673 3013 807 3089 salutem,

42 3096 191 3160 suArrxius
212 3093 334 3170 inquiret
346 3095 416 3176 quid
428 3091 585 3173 agendum,
607 3091 761 3171 animoque
773 3093 865 3175 sagaci
899 3123 904 3128 -
926 3169 955 3230 v

42 3191 80 3226 ,ε’
333 3219 336 3224 .
375 3218 385 3227 ,,
955 3184 999 3233 et-
