2144 3502
150 130 821 221 f·'·t1·n'rn‘'uouu²s.
874 138 1012 228 ’⁸³4³

92 288 310 363 Demonsrrant,
331 307 379 349 cur
393 288 444 350 Sol
458 290 509 348 hic
522 286 594 347 Coeli
614 298 712 363 parte,
732 284 780 342 vel
794 280 882 372 Qrbis

37 377 80 422 445
93 365 230 424 Confistat
242 381 326 438 quam
347 366 453 442 semper
472 367 572 434 habet,
593 381 643 422 cur
661 361 790 438 primitus
804 375 845 417 rre

140 443 212 499 latus
229 440 303 513 hoc,
323 441 363 499 illi
383 442 463 502 lateri
478 440 562 516 qudrn
577 441 732 499 obvertere
746 433 871 495 frontem
887 451 893 460 ’

128 518 239 576 aluerit.
266 516 351 575 Volvi
366 518 475 577 Cceium
489 517 508 576 fr
523 515 614 576 credis
635 514 670 571 ab
691 510 774 572 Euris
913 561 916 565 .

89 592 136 650 nd
152 592 318 668 Zephyros,
339 593 436 667 quidni
449 592 464 649 d
478 591 616 668 Zephyris
632 589 763 649 decurrat
780 586 816 659 ad
836 586 950 646 Euros?

89 669 142 726 Par
154 670 267 744 utrique
288 670 377 728 modo
390 669 448 728 est:
467 679 569 728 neutro
583 666 696 728 Coelunr
711 667 752 724 ire
767 674 916 742 repugnat·
962 722 977 761 θ

37 868 81 914 45⁶
125 859 213 937 Qum
235 863 307 920 ratio
320 860 444 936 pariter,
464 875 548 934 qutun
564 855 621 918 ioli
636 855 741 916 ducere
761 853 847 931 poffis

89 935 132 993 Er
151 937 178 994 vi
192 938 336 1008 Materiae,
358 953 414 996 tam
428 937 511 995 firmo
527 933 640 993 cardine
657 933 800 992 Mundum

88 1011 254 1081 Transtixit,
276 1025 413 1087 tantoque
427 1030 497 1072 veru
512 1010 638 1080 Coelum,
661 1012 752 1079 Adra,
770 1009 892 1066 Terram

86 1087 281 1147 Perterebrata
303 1101 397 1157 tenet,
420 1106 513 1148 rerum
526 1088 559 1147 nt
572 1098 604 1144 ut
616 1087 715 1146 unicus
729 1084 790 1145 arsis
802 1102 814 1153 ς
965 1098 979 1141 n

85 1163 161 1224 Dum
178 1164 280 1236 reliqui
300 1165 432 1240 proprios
444 1182 510 1224 axes
525 1165 650 1222 habuere
664 1162 806 1230 Planetae,

37 1249 75 1294 sss
87 1237 137 1296 Sol
154 1237 310 1312 etianripse
328 1238 426 1312 suurn,
447 1258 533 1316 quern
548 1239 653 1297 circum
668 1249 728 1296 tota
742 1233 865 1294 rotando

86 1313 197 1371 Versari
212 1315 302 1372 moles
316 1316 430 1375 maculis
449 1315 605 1376 ostenditur
625 1313 712 1388 ipsrs?
770 1374 775 1385 x

85 1387 134 1446 Nil
149 1390 233 1464 igitur
249 1389 305 1450 srue
327 1394 429 1452 Mente
443 1407 525 1470 putes
539 1393 568 1448 in
586 1388 674 1448 fidere
691 1388 810 1446 facturn:

83 1465 131 1522 Nil
151 1463 166 1521 l
185 1468 324 1541 principio
340 1480 450 1529 motum
472 1469 528 1528 fine
542 1468 656 1539 Mente.
683 1466 765 1545 Quot
787 1476 882 1524 errant

47 1573 51 1621 '.
84 1541 115 1598 ln
132 1541 215 1600 Coelo
231 1543 332 1614 stelle,
352 1562 385 1604 ac
405 1546 562 1622 projectum
582 1541 677 1601 lumen
691 1538 787 1616 opacis
962 1558 976 1599 s

37 1617 76 1672 t⁶0
86 1616 258 1694 Corporibus
278 1620 405 1696 prorsum
420 1635 531 1697 aequato
545 1616 739 1683 moderamine
753 1615 883 1682 sumunt;

113 1706 221 1772 uotque
238 1695 313 1754 faces
328 1696 439 1772 liquido
452 1715 511 1756 nox
528 1696 604 1752 clara
620 1693 748 1754 accendit
762 1692 914 1769 Olympos

112 1783 163 1829 unt
182 1772 243 1830 sunt
258 1774 286 1831 in
300 1775 389 1844 patrii
406 1768 552 1830 viventum
567 1769 671 1826 semina
688 1772 777 1833 terrl3
920 1778 925 1787 ’

108 1860 119 1904 t
138 1860 211 1918 quot
230 1847 332 1903 humus
353 1847 464 1918 gremlo
484 1843 578 1900 succos
595 1843 696 1907 habet,
716 1857 802 1916 atque
816 1843 944 1910 fodinuss

82 1921 137 1977 Vel
152 1921 240 1978 filices
254 1919 336 1992 ipse,
356 1936 473 1990 quarum
488 1917 525 1976 de
540 1933 662 1990 corpore
681 1916 753 1976 duro
797 1948 800 1953 Δ

37 1996 72 2053 ιός
83 1995 200 2052 Eruitur
220 1991 382 2067 splendens,
402 2011 437 2052 nc
448 1993 509 2054 Soli
526 2008 670 2065 congenet
683 1993 771 2067 ignis;

84 2071 146 2128 Tot
160 2069 274 2131 Numen
294 2067 424 2128 cecinere
444 2073 532 2128 tuber:
552 2068 700 2139 cecinere,
719 2080 877 2144 canentque
891 2078 925 2135 ;’7

84 2145 253 2222 Quanquqm
266 2143 420 2217 Epicureas
441 2146 556 2205 obturat
574 2142 698 2220 perfidus
714 2160 812 2214 aures,
923 2202 925 2206 Α

83 2220 247 2293 imperitare
264 2219 312 2279 libi
326 2236 379 2278 nec
397 2222 457 2281 vult
471 2221 580 2295 honro',
599 2229 684 2296 quent
697 2222 787 2280 timet.
809 2221 887 2296 Ergh

85 2294 162 2373 Quid
181 2295 261 2368 juvat
275 2294 392 2357 ulterilrs
405 2306 568 2362 commenta
588 2297 696 2358 referre
713 2296 853 2357 Lucretii

37 2495 77 2541 *⁷⁰
123 2489 180 2547 Au
197 2503 274 2546 nunc
292 2485 424 2561 difficiles·
436 2504 572 2560 conemur
592 2487 702 2548 solvere
713 2484 819 2549 nodos.

79 2565 128 2633 En
149 2564 240 2625 nihilo
254 2564 357 2629 nilfit:
378 2561 423 2623 lex
440 2565 611 2625 inviolabilis
633 2565 709 2624 eno:

83 2640 135 2699 Nil
149 2643 204 2702 ruit
218 2641 246 2698 in
261 2638 398 2713 nihilum,
419 2641 520 2700 clamat
534 2642 627 2702 schola
641 2653 703 2701 tota
719 2642 844 2716 Epicurl.
911 2651 920 2666 '
969 2696 972 2703 .

84 2714 162 2786 Ergo
176 2716 196 2772 sr
209 2733 270 2791 quae
284 2714 361 2789 sunt,
384 2730 485 2776 eterna
500 2718 592 2784 iuere;
616 2732 807 2792 necunquam
880 2729 882 2733 '
967 2706 977 2737 ⁴

84 2789 225 2849 Collatura
245 2793 368 2851 manent.
397 2795 632 2865 intermoriuntur
650 2793 756 2868 ubique
793 2836 797 2845 .

37 2866 233 2941 ινςβοψοτα,
254 2869 393 2927 Materies
410 2880 583 2944 auremque
603 2885 725 2944 corpora
744 2868 858 2944 fundat,

86 2942 202 3018 Semper
217 2945 287 3016 erit,
308 2944 381 3015 fuit,
401 2943 455 3004 est:
475 2943 618 3020 finemque
632 2945 742 3018 ignorat
759 2945 785 3006 dt
803 2961 907 3011 ortum.

85 3017 115 3077 Si
138 3019 216 3077 Deus
231 3018 287 3089 est,
306 3018 327 3076 sr
345 3019 482 3080 Materies
503 3022 620 3093 errordia
634 3019 740 3094 sumsit,
968 3082 977 3105 ,

86 3093 170 3155 Unde
191 3094 267 3156 illam
286 3094 386 3156 Deusi
406 3099 444 3161 Et
460 3096 600 3172 quando?
620 3095 640 3183 ti
662 3096 730 3235 chlt
742 3101 870 3172 abero,
973 3104 980 3117 '
