2144 3502
125 134 924 208 Lluu·n·su1’*T·1M=us.·,.253

50 273 250 331 Crescunt
270 272 472 343 nunpotetit,
496 285 572 326 novt
588 269 615 327 se
631 267 680 325 nist
695 281 816 340 corpore
830 275 895 333 toto

20 351 149 406 llnteries
172 349 289 406 miscere
309 361 412 419 queat:
431 363 483 405 nec
499 343 579 403 milla
591 346 715 416 iuvabit,

20 425 53 480 lli
68 426 182 482 cundlos
200 425 284 482 etiam
304 435 434 496 penetret
453 421 559 495 digesta
574 432 699 490 meatum

20 501 162 558 uveniat
182 500 277 573 pallam
293 498 456 573 repentibus
476 497 568 555 addita
590 495 676 555 fibris.

20 575 175 632 formandae
195 587 287 649 partes
306 574 399 644 aden,
421 590 483 649 quae
498 572 564 631 talia
580 570 686 631 sumant

20 650 147 706 llrceffita
168 650 256 722 foris,
276 661 451 725 tenuemque
465 659 614 722 teruntque
629 644 781 721 coquendo

19 724 156 794 §ubfidlm
176 739 207 785 ut
229 726 363 785 membris
379 724 432 783 fint
447 725 620 782 incrementa
636 723 762 788 tenellis;

19 803 52 858 lit
67 816 197 873 reparent
211 800 351 878 quidquid
365 799 457 875 fugiet
470 799 507 857 de
521 814 643 873 corpore
657 797 763 858 senfim.

19 875 57 934 Os
77 877 161 950 igitur
174 880 252 937 vultu
273 879 301 936 in
316 876 428 944 medio,
450 893 503 933 ceu
519 877 604 948 janua
618 870 738 949 primum

19 951 172 1026 linquetur
186 956 331 1029 bipatens,
351 949 512 1011 &cindtum
528 949 640 1024 duplice
658 949 753 1008 labro:
874 1018 877 1023 ¹

19 1028 106 1107 Quod,
116 1028 235 1089 reserare
248 1030 396 1095 animans,
416 1029 534 1102 proprio
555 1026 602 1085 seu
617 1023 748 1085 claudere
761 1038 834 1086 nutu

18 1102 115 1174 l'ollit,
134 1123 229 1182 eoque
244 1106 293 1163 fibi
308 1103 450 1178 quaefilum
473 1102 607 1161 inducere
622 1102 733 1159 villum.

18 1181 162 1241 vestibulo
180 1195 240 1239 turn
256 1181 379 1249 linguam
393 1176 494 1250 agilem
508 1178 644 1252 plantabit
659 1177 686 1233 in
704 1173 779 1250 ipsu,

18 1257 83 1390 {11ae
97 1267 192 1313 verrat
207 1255 357 1325 venietque
376 1252 473 1322 cibos,
493 1254 639 1331 pinsatque
651 1249 742 1310 saliva.

18 1335 20 1341 ’
43 1349 90 1389 um
106 1329 216 1396 fauces,
237 1327 358 1402 mirique
374 1328 451 1402 dabit
463 1330 618 1406 sphindleru
634 1329 754 1400 laboris,

17 1408 82 1538 guo
97 1401 229 1475 deglutiri
246 1401 375 1461 valeant:
396 1407 440 1464 cui
453 1408 581 1481 protinus
594 1402 679 1466 addet

44 1477 231 1553 esophagum,
251 1478 329 1537 firma
341 1484 515 1557 compaclum
532 1482 610 1560 pelle
630 1479 770 1546 canalem3

17 1557 72 1634 Qui
85 1552 148 1627 post
160 1557 188 1613 in
209 1554 380 1615 stomachum
398 1572 531 1635 turgens,
552 1576 605 1619 ceu
623 1557 751 1633 corporis
764 1555 868 1633 ollam,

17 1630 113 1707 Lapsae
132 1630 274 1705 perpetuis
294 1631 423 1693 librarum
438 1636 561 1695 motibus
576 1634 666 1703 escas,

17 1708 79 1767 Obli
103 1707 145 1764 uis
164 1709 247 1767 etiam
263 1707 288 1766 dt
304 1712 467 1770 transuersis
487 1711 576 1787 usque
591 1709 725 1779 terendo,

17 1725 128 1845 Dividit
142 1784 169 1842 ln
185 1798 278 1860 partes
293 1787 422 1843 minimas
442 1784 586 1859 offamque
601 1785 772 1859 liquentem:

17 1862 55 1919 Ac
68 1859 133 1917 dein
150 1852 290 1919 rellrldtus
309 1858 400 1917 lubitd
415 1858 573 1943 longiscat,
586 1873 617 1917 ut
629 1862 747 1931 anguis,

16 1936 156 2009 Principio
169 1934 295 2009 gracilis,
318 1951 386 1993 mon
399 1932 527 1999 craffior3
545 1948 631 2009 atque
652 1934 690 1993 ita
708 1950 808 2008 gyrans

16 2011 203 2084 Multiplicem
219 2008 381 2067 amfractum
401 2008 508 2080 finuet,
528 2009 587 2084 qud
601 2008 684 2069 duda
702 2009 846 2083 feruntur,
920 2016 923 2022 '

16 2087 56 2146 Ac
71 2084 168 2143 sensim
189 2095 346 2143 extremum
360 2088 473 2161 capiunt
488 2083 621 2147 alimenta
636 2084 773 2152 nitorem,

16 2165 44 2219 lu
59 2159 172 2234 eltylum
193 2158 328 2217 conversa
341 2178 461 2229 merum3
484 2161 608 2237 rectique
622 2164 736 2241 recepti

16 2234 72 2311 lpse
93 2234 152 2294 tubi
174 2232 276 2303 formu,
298 2233 413 2297 secretas
437 2237 549 2296 trudere
562 2236 658 2298 sordes

15 2315 83 2372 Non
104 2309 200 2377 cellen
222 2311 374 2387 sphindlere
388 2314 445 2374 alio
458 2313 553 2374 linitus
568 2326 599 2374 ut
611 2310 686 2372 ante.

49 2463 370 2527 Corirnurtaron
391 2467 477 2539 item,
496 2465 551 2544 qul
570 2463 758 2528 sollieitudine
772 2467 899 2544 prudens

15 2541 123 2603 Debent
137 2544 185 2602 ille
200 2544 279 2602 faber
298 2544 398 2602 multas
418 2543 447 2602 in
464 2546 575 2604 tramite
591 2545 678 2619 longo

15 2617 175 2679 Cardinibus
189 2618 285 2680 solidis
305 2619 480 2679 transversum
499 2620 646 2697 app'onere
664 2620 777 2687 valvas3

15 2691 178 2753 Descensum
192 2714 255 2771 quae
273 2696 342 2756 dent
360 2694 491 2768 facilem,
511 2698 699 2772 claudamque
714 2698 865 2772 regressum
917 2766 920 2770 ,

14 2766 161 2841 Opposrtae.
192 2772 297 2852 Quales
314 2772 416 2831 tubulis
439 2789 584 2849 ponuntur
606 2775 633 2831 in
650 2772 731 2843 altis,
920 2792 923 2799 ’

14 2842 56 2899 Ne
72 2841 199 2903 recidant
215 2848 354 2920 gravitate
368 2847 427 2915 sua,
452 2868 526 2924 quot
540 2850 624 2911 antlia
640 2849 739 2908 sursum

14 2918 116 2977 unexit
131 2916 236 2978 latices.
265 2924 315 2980 Ma
337 2941 403 2982 num
421 2926 466 2983 hic
488 2925 568 2984 labor
588 2927 680 3000 arguit
696 2942 767 2985 unus

14 2992 165 3083 llrtllicem'.
193 2943 448 3060 Valeantffiortunn
469 3000 495 3059 de
513 3000 610 3075 regula
624 3000 728 3059 motus.

14 3070 66 3129 Cur
83 3078 206 3144 etenim,
228 3073 334 3149 quovit
347 3091 494 3139 momento
509 3076 627 3155 inpulsa
639 3090 756 3153 putetur
784 3086 787 3091 '
916 3137 925 3149 ,,

392 3186 398 3205 s
833 3158 942 3211 matu
