2144 3502
67 187 77 199 „
118 120 174 244 15¹⁶
268 145 867 235 eurr-cucurriunt

115 302 217 374 Regna
230 295 345 374 procul;
367 311 443 355 nunc
460 295 576 364 ⁴diuitias
591 299 716 360 Orientis
738 299 764 358 dr
783 295 892 367 Austri,
955 374 956 377 Ἴ

68 376 298 447 castellumque
313 388 407 430 novos
422 372 542 432 aliosub
555 374 644 434 fidere
660 378 779 449 tractus,
951 386 954 395 ⁴

112 453 279 526 Oceanique
295 448 367 506 nnus
390 447 628 526 &promontoria
641 454 753 527 quaerit:

113 531 218 601 Longo
232 526 301 585 sune
318 523 407 582 solum
421 527 569 601 experiens
585 527 633 584 sub
648 527 775 588 diuitibus
791 528 864 596 altit,

113 599 238 664 Nunc&
253 600 455 674 Hyperboreas
472 600 595 676 glacies,
615 603 743 677 nullique
757 617 900 679 repertura
962 612 967 619 ’
984 602 986 606 ’

111 681 221 738 Tentat
234 676 309 750 iter,
330 677 407 752 ligno
426 675 535 738 &uelis
549 675 685 779 conlisus,
707 677 734 740 tr
750 682 809 739 arti

66 849 109 891 160
155 832 383 902 cuunrscrn
403 830 504 889 multas
517 832 616 898 etiam,
636 841 684 890 aut
702 832 847 905 excogitat
861 844 948 895 artes:

114 908 230 968 Semina
245 908 396 967 mixtorum
416 907 515 972 soluit3
538 907 590 975 iai,
613 905 742 984 sulphur,
763 923 891 978 arenam,

114 985 211 1058 Atque
227 982 372 1042 intestinos
386 982 494 1051 haurit,
515 994 670 1058 purgatque
691 983 836 1056 liquores3
858 1014 859 1017 =

115 1060 270 1134 Segrega,
290 1069 339 1115 aut
358 1059 459 1118 iterum
478 1059 586 1133 iungitt
604 1074 681 1118 nova
693 1059 778 1119 mirra
793 1057 951 1133 recudens,

114 1136 231 1194 Natura
244 1135 480 1209 mentitumque,
501 1138 569 1209 quin
588 1136 730 1211 corrigere
741 1131 834 1192 audet.

64 1211 239 1278 rtstecnon
253 1209 280 1268 dt
293 1212 382 1271 vitrei
396 1210 488 1269 radios
502 1212 531 1270 in
546 1211 623 1269 lente
644 1210 793 1280 refralloa,

112 1289 172 1348 Aut
190 1286 308 1360 chalybe
329 1287 357 1345 in
374 1303 464 1345 curvo
478 1285 654 1360 glomerans,
674 1303 847 1363 convergere
863 1287 941 1369 cogit

113 1366 146 1423 lu
162 1365 313 1440 punctum,
334 1363 442 1421 etherii
458 1361 565 1423 furatus
581 1362 677 1421 fiderit
692 1365 786 1439 ignem

113 1441 152 1498 Et
172 1437 300 1513 rapidum
312 1437 393 1508 jubet
416 1439 444 1496 in
464 1450 551 1499 terras
566 1437 738 1497 descendere
751 1439 862 1509 Solem,

114 1515 317 1591 Subreptisque
331 1524 407 1571 creat
421 1513 546 1573 miranda
563 1513 691 1573 incendia
704 1513 836 1576 flammis.

64 1606 108 1652 ηο
115 1589 195 1647 Felix
212 1591 347 1647 invento:
368 1589 435 1648 licet
449 1590 563 1649 emulus
578 1590 618 1647 ire
633 1589 808 1649 Prometheo

113 1660 243 1732 Audeat,
262 1665 404 1732 Hyrcanis
417 1676 501 1742 quem
515 1665 624 1741 Jupiter
638 1660 749 1723 invidus
768 1665 838 1725 oiim

112 1738 243 1871 Rufum
258 1739 365 1812 affixit,
384 1739 425 1798 faa
446 1741 486 1800 est
502 1741 521 1799 ir
535 1739 662 1803 credere
674 1738 787 1815 Graiis,

112 1816 161 1872 Vn
175 1815 242 1874 turis
256 1813 353 1874 affidui
369 1814 459 1875 rostro
472 1817 530 1876 fine
546 1816 603 1884 line
615 1817 782 1882 vorandum.

114 1891 195 1966 Saepe
212 1890 397 1968 repercutiam
409 1891 542 1967 quoviri
561 1908 682 1967 corpore
702 1894 806 1955 iucem¹

64 1988 106 2033 175
114 1968 257 2037 Diluere,
279 1969 366 2027 visum
379 1968 543 2043 amplificata
564 1966 736 2042 confusaque
755 1970 892 2044 primurn,

114 2047 211 2121 Atque
225 2045 312 2104 nimia
324 2045 473 2104 contracta,
487 2044 528 2103 rei
546 2042 690 2106 fimuiacra
704 2046 832 2109 videndo

113 2121 229 2183 Pleniiu
244 2119 400 2197 expandit,
419 2118 563 2179 minimam
580 2117 736 2181 discernere
747 2123 865 2197 gaudet,

113 2197 243 2256 Veiatam
258 2197 379 2266 reserat,
400 2195 583 2272 longinquam
607 2198 741 2256 accedere
756 2199 849 2274 cogitt

113 2272 240 2346 Etpriias
261 2274 372 2351 ignotas
391 2285 500 2349 partes,
520 2267 669 2344 oculisque
683 2285 797 2351 negatas
823 2308 825 2314 .

65 2346 190 2404 rtoVirri
207 2360 264 2418 ope
280 2349 404 2420 convexi
415 2358 560 2423 penetrat,
580 2343 724 2422 donatque
737 2349 841 2416 viderit

113 2422 153 2480 Et
166 2420 334 2480 mirabilium
350 2421 515 2498 stupefactus
535 2422 658 2495 imagine
674 2440 783 2498 return,

112 2498 215 2557 Intima
231 2498 364 2572 corporei
378 2502 480 2573 retegit
493 2496 623 2556 miracula
639 2499 742 2560 tertiis.

112 2575 191 2633 Tum
210 2575 301 2633 uarias
315 2576 388 2634 inter
404 2571 573 2632 oommercia
586 2590 695 2648 ponere
711 2589 811 2650 gentes

113 2652 254 2719 Molitus,
276 2647 396 2725 nequid
410 2647 496 2706 lateat
514 2661 664 2724 peremne,
685 2651 764 2727 quod
785 2655 865 2716 extri

65 2730 105 2780 ¹⁸5
116 2729 259 2792 Prolatuur
274 2726 361 2794 velit,
385 2739 419 2782 ac
432 2722 569 2782 donatum
584 2725 657 2784 sorte
671 2730 814 2805 perenni,
880 2786 884 2796 ,

113 2803 198 2862 Senia
212 2802 299 2863 animi
317 2795 450 2860 mandare
470 2799 555 2868 sono,
576 2800 683 2874 fignare
696 2802 792 2878 liguris

113 2877 249 2950 Instituit,
272 2888 362 2939 totam
377 2871 405 2932 dt
420 2875 529 2934 chartis·
539 2876 574 2935 de
596 2893 684 2936 onere
697 2892 839 2948 mentem:

112 2949 317 3030 Discretosque
333 2951 348 3011 i
364 2950 392 3014 se
404 2949 545 3027 populos,
567 2893 719 3027 §postera
734 2954 813 3016 sacia
928 3019 930 3023 ,

114 3027 251 3086 Cominus
266 3029 363 3095 affari;
382 3044 436 3087 ceu
452 3029 684 3105 temporibusque
698 3030 827 3110 lecitque

49 3101 233 3177 ‘renitescas
249 3120 284 3166 ex
304 3120 387 3189 aequo
405 3101 508 3185 cunctis
523 3103 746 3181 oratoradelict
848 3168 871 3179 ,,
917 3173 918 3176 ,

141 3229 144 3234 .
905 3188 985 3268 Qur
