2144 3502
29 166 93 247 ⁵rat·
204 153 792 221 arear-rueramus·

37 295 191 358 Praeter,
213 288 234 347 fi
254 289 404 357 maluerit,
423 304 487 362 que
506 287 604 362 seligat
619 307 708 350 unum

40 370 84 430 Er
104 364 260 427 infinitis&
280 361 523 424 circumstantibus
543 365 642 438 (reque

40 438 163 529 Quos&
183 441 254 500 inire
267 439 380 533 potest)
401 439 505 522 radiis,
524 441 654 515 aliosque
669 444 828 518 relinquat:
924 480 926 484 Α

15 528 62 580 =·
71 538 116 581 um
136 519 211 585 cito,
231 516 389 585 leniente,
410 528 497 591 prout
516 515 566 591 ipsr
585 533 689 594 nempe
702 521 811 580 libebit.

40 599 109 656 Haec
122 597 210 653 Mens
226 610 281 652 una
299 594 407 668 potest:
427 593 528 671 nequit
541 592 586 649 his
600 593 657 652 fine
672 610 768 655 motus
789 597 876 656 oriri:

39 674 118 755 Ergo
135 672 238 731 ruentis
259 670 360 744 inops,
382 668 476 743 perse
493 669 533 727 eli
546 669 693 729 immobile
707 688 823 746 corpus.

83 825 161 884 Asr
179 822 229 882 ubi
237 837 317 879 meus
326 831 436 881 motum
445 822 594 901 imprellit‚
606 825 663 896 jam
672 840 792 897 corpora
800 835 910 883 certum
920 818 960 881 est

45 903 201 972 Nunquam
215 897 292 971 polle
305 897 398 969 trahi,
418 898 490 958 serie
503 900 554 958 nist
575 901 669 972 juncta
683 899 796 955 fluentis

0 979 105 1037 ›sAut
119 974 235 1045 solidae,
254 990 306 1050 per
322 991 406 1050 quam
426 973 452 1031 se
468 988 563 1036 motus
578 977 711 1050 utrinque
726 988 883 1051 propaget,
950 1032 953 1037 ,
978 1040 981 1045 ,

45 1052 191 1112 Materia:
212 1050 347 1128 quoniam
362 1050 394 1109 fit
412 1068 465 1127 per
480 1054 611 1128 contagia
625 1063 720 1110 motus
759 1094 763 1101 .

47 1129 182 1203 Corporis
199 1129 227 1186 in
248 1143 360 1200 corpus.
380 1126 580 1261 quodcunque
601 1141 750 1195 mouetur,
771 1135 888 1200 oportet

46 1205 173 1280 impelli,
194 1203 221 1262 dr
241 1203 391 1277 tangique
412 1219 525 1278 cunque
538 1205 702 1278 impellitur.
724 1204 801 1278 Ergo

48 1281 190 1354 Coniungi
210 1279 326 1339 tractum
346 1291 432 1353 atque
446 1279 561 1339 trahens
577 1298 628 1356 per
642 1281 736 1340 vincla
751 1277 862 1340 neceue
879 1277 928 1340 est.

0 1356 132 1416 rolland
145 1355 226 1415 aliter
245 1372 358 1413 currunt
371 1357 483 1431 rapiunt
498 1372 551 1431 per
571 1370 666 1432 aperta
680 1356 823 1432 quadrigae

50 1424 200 1506 Alipedes,
221 1428 398 1506 studiumque
411 1444 522 1491 vorant.
542 1433 589 1492 Sic
604 1451 718 1506 equore
740 1437 768 1491 in
782 1434 842 1492 alto
944 1486 954 1498 ,

49 1509 146 1567 Malus
164 1507 222 1580 agit
237 1505 347 1575 navim,
369 1509 415 1566 cui
427 1506 516 1569 stride
536 1509 653 1568 insertus
674 1508 814 1578 adhaeret,
837 1512 840 1517 “

50 1584 87 1642 Et
107 1583 210 1657 arulum
233 1593 377 1657 eugenue,
396 1594 485 1658 'atque
498 1597 635 1642 antennas
654 1584 767 1656 turgida
789 1583 870 1656 vela,

50 1657 179 1732 Velaque
196 1668 349 1715 ventorum
364 1654 462 1730 flatus,
482 1656 540 1718 five
555 1661 658 1719 incitus
673 1662 732 1718 adr.

1 1819 44 1864 ars
91 1810 332 1887 Qurrrnnrrar
351 1810 378 1868 in
394 1811 459 1868 solis
474 1813 634 1871 attractibus
649 1827 735 1870 omae
756 1808 893 1871 movendi
954 1854 958 1861 -

53 1886 165 1945 Ponere
178 1884 362 1961 principium,
384 1887 462 1945 varia
483 1888 558 1946 inter
575 1905 696 1964 corpora
710 1888 812 1947 mentis
899 1929 902 1933 -
955 1886 959 1894 ’

52 1960 164 2036 Indiga,
184 1959 322 2021 continuo
342 1963 381 2021 eli
399 1963 551 2040 agnoscere
569 1981 672 2041 eorpus
696 1966 824 2041 ineptum

52 2036 99 2098 Ad
112 2038 244 2112 proprios
261 2050 372 2110 motus,
394 2039 498 2098 cunetis
515 2040 668 2100 ‚conatibus
683 2041 787 2116 impar:

54 2112 150 2191 Atque
163 2116 202 2177 ita
218 2113 394 2185 mansurum,
415 2115 465 2173 nisr
485 2114 529 2172 vis
542 2115 655 2175 aliunde
669 2128 791 2189 petatur.

3 2191 139 2253 seoUnde
158 2201 251 2250 autern
272 2190 333 2249 haec
352 2189 470 2250 veniet?
491 2190 620 2249 simili—ne
636 2189 652 2248 i
666 2208 809 2269 corpore,
830 2193 915 2251 nullis
956 2232 960 2241 -

53 2269 167 2326 Viribus
189 2267 337 2333 instrutio,
378 2268 463 2325 ariter
478 2267 543 2342 quia
560 2267 662 2324 mentis
683 2283 804 2340 egenum
821 2266 881 2323 elil

52 2341 109 2401 Sed
123 2357 167 2397 res
183 2337 259 2397 nulla
273 2353 341 2415 pote
380 2343 459 2417 quod
475 2359 534 2402 non
551 2341 658 2413 habet,
672 2340 729 2399 hoc
745 2340 812 2400 dare
825 2343 967 2417 cuiquam,

52 2417 149 2478 Ambo
173 2414 258 2490 igitur
275 2416 359 2492 pigro
374 2431 490 2497 torpent
509 2419 627 2478 immota
643 2428 774 2476 veterno.

93 2571 155 2631 Hnr
165 2587 188 2629 c·
202 2569 345 2630 manifesta
359 2581 465 2644 patent.
486 2566 562 2650 Quid
573 2570 629 2642 jain
643 2566 789 2629 Neutonia
811 2568 931 2646 proles?

7 2656 49 2705 9⁸5
60 2646 114 2706 Das
127 2667 156 2707 ea
174 2647 315 2722 Materia,
335 2648 449 2708 Nature
463 2651 577 2706 maximo
590 2648 635 2704 lex
649 2641 691 2718 eli.
774 2710 776 2713 ,

59 2725 136 2799 liegii
151 2727 266 2784 Naturae
279 2726 325 2784 lex
342 2723 401 2797 eti,
421 2725 448 2781 de
464 2721 594 2783 Materia
614 2720 681 2793 dos,

57 2801 99 2858 Ut
116 2801 204 2859 srat'sr
222 2800 292 2877 quid
313 2799 373 2857 lieri
386 2801 495 2874 nequit.
515 2798 632 2873 Optima
645 2795 709 2858 sane

57 2874 168 2949 Regula
182 2877 265 2951 digna
280 2874 398 2952 Sophis,
420 2872 673 2934 &comestoribus
696 2873 795 2935 Orbis!
816 2915 819 2920 -

59 2950 162 3010 Motlls
177 2953 255 3011 causa
269 2954 366 3030 quies,
387 2948 414 3009 u
433 2967 521 3026 opum
539 2950 569 3009 fit
589 2964 680 3010 nester
695 2952 817 3026 egellas!

8 3030 117 3107 prolem
132 3041 207 3084 nunc
221 3027 387 3091 Meclraalci
401 3038 527 3096 taceant,
548 3026 574 3086 de
591 3046 714 3104 quarere
734 3030 838 3091 celient

58 3103 212 3178 laventis,
234 3102 264 3167 ia
285 3105 382 3187 aquis,
403 3107 432 3169 iu
450 3103 625 3186 ponderibus
642 3104 794 3185 suspensis„
937 3182 950 3238 Ι

950 3198 968 3238 n
