2144 3502
58 147 209 204 ,ψ
263 127 861 199 nunt-tucunrrusr

119 270 195 330 Nam
219 273 266 338 tu,
286 279 411 342 namque
423 265 465 324 tol
484 263 587 325 similer
599 264 720 326 clamare
738 264 851 337 soletis,

116 346 224 412 latitia
236 347 328 404 melius
341 341 409 403 nibil
421 337 477 418 est,
493 343 618 421 pejusque
632 341 725 405 nure.

116 422 224 482 Nonne
238 420 351 481 Dionaei
371 419 504 482 resonant
521 422 566 480 his
580 419 699 484 vocibus
719 419 821 480 horti?

61 507 104 552 »ις
117 499 243 571 Nonne,
263 495 291 562 dt
308 495 427 568 iucundi
448 496 512 560 cium
526 498 556 555 lit
565 498 688 568 jussura,
708 493 802 555 dolori
811 495 884 570 ⁶elli

113 575 205 652 Ergd,
226 590 265 633 ne
278 570 395 643 doleas,
414 573 606 650 qaodcunque
626 570 922 651 placebitlrabendum

112 652 180 730 Jure
202 661 269 710 tuot
289 662 344 704 nec
361 647 476 718 honos,
496 665 549 707 nec
565 649 606 709 sas
625 646 759 707 obsistere
771 645 901 721 possuntt

114 727 212 801 Atque
228 722 376 797 Voluptati
392 725 460 801 lare
479 724 666 789 immittuntur
678 722 805 782 lrabeuae.

116 801 164 860 Sin
184 810 278 858 autem
294 797 453 859 abstinulsse
473 799 581 863 bonum
596 799 654 871 est,
675 797 802 875 illudque
816 794 926 865 faterin

60 886 107 926 2³⁰
118 878 175 936 Cur
199 892 244 933 une
260 872 419 946 infelicem,
439 874 643 952 fiRelligionis
657 891 756 934 amore
810 945 812 949 ‚

116 950 296 1017 distinam,
317 949 448 1010 vocitat?
468 953 513 1014 Te
530 952 589 1012 sum
611 951 724 1017 felicior
738 949 810 1024 ipso.

34 1043 38 1050 ’
115 1028 192 1086 Nam
208 1037 254 1096 tu,
275 1025 416 1096 fivincir,
437 1037 484 1088 tua
506 1039 535 1088 te
554 1027 671 1087 vietoria
687 1036 820 1099 torquet,

117 1103 172 1162 Me
192 1119 255 1160 mea
274 1099 411 1162 delcetat:
431 1103 556 1162 fimavit
573 1101 699 1179 denique
715 1099 807 1168 vinci,

90 1198 93 1202 ·
116 1177 208 1316 Qludm
227 1176 264 1237 sac
285 1179 438 1256 torqueri,
454 1177 596 1237 confessus
616 1193 662 1235 ee:
682 1179 731 1235 en!
757 1175 821 1237 data
832 1186 916 1261 porte

61 1255 134 1320 uri
150 1257 253 1332 agitio.
273 1254 351 1315 vitiis
371 1253 524 1318 retinacula
539 1251 617 1321 nulla
632 1250 785 1336 supersunt.

154 1410 243 1480 Ino,
263 1406 373 1483 loquis,
394 1405 544 1482 superanta
568 1422 660 1483 poene
680 1420 773 1471 metue
789 1417 877 1482 atque
888 1407 992 1473 melori

115 1487 187 1567 Quae
200 1484 288 1544 scelus
309 1481 464 1543 &taudem
488 1484 594 1562 patitur
608 1501 726 1560 peccare
743 1482 845 1551 libido.

114 1559 254 1620 desemel
268 1559 530 1620 amoti-metuendi
543 1560 678 1620 Numinis
698 1561 753 1626 irs,

116 1637 175 1694 Cur
192 1634 284 1694 levior
298 1635 390 1695 multo
407 1635 534 1696 turbaret
552 1639 669 1712 pedore
681 1634 795 1711 terror!

59 1727 105 1780 240
117 1712 163 1771 An
178 1720 361 1788 contemptor
376 1728 431 1787 ego
445 1711 586 1788 Superum
601 1713 729 1788 legisque
748 1709 899 1787 supremae,
922 1714 927 1725 “

114 1788 260 1848 Humanas
276 1786 353 1865 leges
372 1786 398 1846 dt
415 1785 517 1859 judicis
536 1805 587 1848 ora
608 1789 755 1850 timerem:

116 1863 210 1926 slutfi
229 1883 275 1930 me
297 1863 432 1940 cupidum
450 1879 541 1938 pone
554 1863 760 1940 brevis-alligat
779 1862 900 1938 horror,
923 1869 937 1932 ᾖ

115 1942 198 2003 Heu!
218 1941 300 2001 miser
315 1943 343 1999 in
358 1940 476 2014 laqueos
489 1940 604 2012 recido,
628 1957 703 2018 quos
721 1953 751 2009 te
771 1939 844 2003 duce
863 1939 955 2008 fidene

116 2018 262 2094 Rumpere
275 2016 434 2095 sperabam:
451 2015 508 2086 iam
522 2031 570 2080 me
583 2017 670 2080 dolor
681 2016 709 2076 di
722 2029 815 2080 metus
829 2019 922 2096 angit,

63 2106 106 2154 245
134 2111 179 2154 am
201 2110 339 2166 moveor,
358 2093 424 2153 curi
438 2089 486 2150 sed
500 2090 646 2160 deteriore
661 2092 798 2161 subtitum

145 2183 156 2230 t
178 2170 271 2247 gravis
290 2169 348 2246 ipse
362 2169 433 2227 mihi
446 2169 562 2242 censor,
582 2171 629 2230 via
644 2168 717 2233 liber
728 2171 764 2227 ab
785 2173 865 2230 omni

147 2248 302 2323 elligione,
323 2261 413 2304 nouas
432 2243 521 2304 subeo
544 2247 706 2321 similesque
721 2255 850 2311 catenam
905 2272 927 2295 ¹·

119 2325 216 2398 Atque
237 2321 329 2379 minus
344 2319 426 2396 digm
441 2322 554 2382 crucior
568 2321 722 2383 formidine
736 2329 871 2380 mentem.

121 2397 182 2458 Ah!
203 2395 322 2456 meliora
334 2412 448 2470 precor.
465 2396 497 2456 ei
515 2399 562 2458 cui
575 2396 719 2460 malianda
731 2395 887 2471 Voluptas,

59 2487 106 2535 25⁶
120 2471 169 2535 Est
181 2470 324 2532 martanda
338 2471 414 2532 Deo.
433 2473 540 2548 Neque
558 2476 634 2538 enim
653 2473 777 2549 peritura
795 2481 941 2539 urerentur

118 2549 167 2609 Sic
181 2550 243 2610 aliis
262 2550 388 2625 preponi
406 2549 474 2620 alia,
494 2564 527 2612 ut
543 2551 689 2627 presentia
704 2546 815 2610 cedant·
949 2564 952 2573 ·

118 2627 263 2689 Venturis.
283 2624 371 2700 Igitur
384 2625 436 2683 tibi
457 2642 532 2687 nunc
546 2627 685 2699 hodierna
701 2622 793 2684 libido

118 2703 260 2779 Imperet3
279 2713 328 2760 aut
346 2701 452 2767 ratiost
470 2722 525 2779 qua
543 2703 583 2761 est
597 2700 725 2780 permilla
745 2699 849 2773 futuri,

117 2779 149 2839 Si
166 2796 283 2850 caveas,
303 2788 336 2837 ut
350 2775 383 2837 stt
398 2764 499 2837 melius
515 2780 806 2855 prasenteiuturum:

67 2846 109 2910 ³³¹5
123 2855 210 2925 Non,
228 2869 260 2916 ut
279 2853 432 2917 momentis
447 2855 567 2914 redimas
582 2865 744 2924 momenta,
766 2850 811 2914 sed
828 2871 915 2920 omne

120 2932 266 3001 Lucreris,
288 2930 368 3010 parvi
380 2930 483 3002 jaeturt
503 2932 661 3007 temporis,
680 2944 786 2990 enorme

121 3007 228 3068 Nullus
244 3008 318 3068 enim
333 3008 458 3081 prudens
479 3021 579 3069 terram
600 3007 721 3067 versabit
734 3017 845 3084 arator,

122 3085 304 3166 Siquantmn
316 3084 364 3148 illa
386 3084 446 3148 suu
461 3081 507 3146 bie
525 3097 625 3164 terque
639 3084 748 3148 inversa
767 3090 876 3170 recepit

963 3164 980 3229 i
