2144 3502
139 120 380 216 mrnnrr
446 148 935 223 ocrnv‘usuaos

42 288 95 347 ion
109 286 192 362 igitur
204 284 294 345 solida
309 285 361 344 tibi
373 285 430 357 jam
445 299 582 361 compage
597 281 711 344 viderur

41 362 211 432 telliferum,
233 374 265 420 ut
278 364 398 421 voluere
416 376 524 437 partes,
546 361 697 421 coniistere
711 355 830 418 coelum:

41 441 83 497 led
98 450 227 511 motum,
246 437 379 498 &motus
395 439 502 498 causam
516 452 576 497 non
591 437 708 497 credere
720 431 816 494 cellas.

41 515 150 582 lerum,
162 513 190 572 ,fi
206 511 323 573 solidum
337 531 396 573 non
411 513 466 583 est,
489 513 617 589 intellige
630 526 725 572 motus

41 591 191 659 Etherios,
212 589 309 662 quales
324 589 422 664 liquidi
436 602 537 649 natura
549 591 682 667 requirit;

40 670 68 731 it
82 665 180 742 quales
192 667 289 741 peragi
302 664 388 727 docet
402 666 578 743 experientia
590 682 689 725 verax.

70 819 251 879 corrone
270 836 331 899 qua
344 819 420 880 coelo
435 817 695 879 circumvolvuntur
708 816 736 875 in
751 815 874 888 orbem,

40 897 101 976 Quo
115 897 205 957 minirs
219 895 234 954 i
246 910 349 956 centro
364 895 482 966 distant,
502 894 629 954 velocius
646 895 702 961 ire,

39 972 204 1045 languidius
221 972 308 1044 vero,
328 988 387 1045 quo
405 971 467 1047 plus
486 969 666 1039 instituite,
689 966 808 1028 coniiat.

39 1045 105 1108 Sane
120 1047 148 1109 id
162 1050 250 1108 moris
264 1050 371 1106 habent
391 1048 512 1106 comites
525 1048 605 1124 Jovis
616 1043 643 1103 it
656 1044 778 1104 Saturni.

39 1125 106 1182 Nam
120 1123 207 1200 longe
220 1124 322 1199 positi,
342 1120 369 1178 ir
386 1123 488 1195 longos
502 1120 529 1180 ἀ
543 1134 672 1197 tempore
687 1121 778 1195 longo

39 1199 174 1260 Circuitus
195 1209 350 1272 peragunrt
371 1198 516 1256 breviores
530 1210 659 1273 tempore
672 1213 779 1271 parvo,
802 1197 806 1202 '

38 1276 91 1356 Qui
104 1273 197 1349 prope
211 1285 289 1330 nant.
316 1272 423 1332 Primus
444 1271 470 1329 le
490 1290 533 1331 cm
547 1272 653 1333 deterit
666 1273 693 1330 in
705 1271 801 1340 aiiria,

38 1353 230 1423 Arcanumque
244 1347 323 1407 tusus
337 1347 442 1408 crebris
457 1289 604 1408 nitentibus
620 1361 707 1408 artem

38 1425 198 1499 surripere,
220 1422 294 1484 hanc
304 1426 387 1482 nobis
402 1424 539 1499 lieplerus
553 1424 668 1484 tradidit
679 1421 785 1483 auctor.

37 1503 128 1638 guam
141 1500 221 1577 Jovis
233 1501 384 1575 explorans
398 1505 425 1561 in
440 1502 605 1578 quadrijugo
619 1501 775 1573 famulatu,
852 1528 854 1533 ·

65 1596 98 1636 ec
109 1594 167 1637 non
183 1577 295 1637 inventi
307 1578 418 1638 Saturni
431 1593 522 1654 nuper
535 1582 563 1637 in
577 1579 655 1648 auli,

37 1652 212 1714 Mirandum!
233 1655 352 1714 omnino
364 1654 470 1730 reperit
484 1655 608 1714 Calilnus
621 1652 757 1713 eamdem.

37 1731 82 1792 Sic
95 1731 143 1789 ubi
155 1730 234 1790 nosse
248 1730 329 1791 voles
343 1732 478 1791 comitum
493 1729 557 1789 iocn
575 1740 651 1787 certa
665 1728 801 1803 duorum,

36 1808 71 1867 Et
84 1819 191 1882 quanto
206 1807 272 1865 coeli
285 1806 375 1881 spatio
388 1806 420 1862 lit
432 1815 551 1877 uterque
564 1816 691 1862 remotus

36 1883 186 1941 Communi
202 1881 349 1949 lterum,
370 1878 416 1935 scu
428 1890 549 1950 corpore
562 1879 696 1953 principis
710 1880 790 1951 aliti,

36 1959 194 2019 Amborum
206 1954 327 2028 quadres
342 1951 465 2010 revoluti
478 1963 607 2029 tempora
621 1953 729 2019 cursust

66 2048 128 2092 uam
143 2040 231 2104 porro
244 2029 317 2088 inter
330 2027 508 2086 serationem
522 2038 650 2104 tempora
661 2028 774 2110 servant

35 2035 193 2190 gundram,
214 2099 288 2162 hunc
301 2103 445 2165 rubefacta
459 2105 542 2164 etlam
557 2101 686 2168 diiitntit
701 2106 802 2167 servat.

77 2256 201 2330 En'oll,
220 2256 382 2317 stvctcrum
396 2257 511 2334 vestigia
522 2259 588 2317 trita
602 2258 738 2337 sequere,
842 2298 843 2301 =

37 2335 185 2409 Terraque
200 2334 228 2395 ln
242 2343 342 2393 centro
357 2334 461 2409 pontt,
481 2335 631 2394 circumire
646 2337 761 2408 jubebis

38 2409 192 2488 Sideraque
205 2404 392 2469 &Lunamir
410 2411 524 2470 cunctos
541 2425 604 2471 curn
619 2411 688 2482 Sole
704 2414 847 2490 Planctus,
869 2439 873 2447 ·

39 2489 82 2547 Ac
96 2500 184 2547 totam
198 2485 323 2547 immani
338 2486 444 2546 molem
459 2488 612 2562 exagitabit
626 2486 757 2566 Olympit

39 2563 217 2638 corporane
232 2560 339 2623 diversa
354 2576 447 2638 regas,
468 2575 500 2620 ut
511 2566 640 2639 proxima
651 2565 750 2629 Terre
980 2603 986 2617 ·

38 2638 187 2699 Currendo
201 2640 283 2702 citius
338 2636 381 2697 lm
397 2638 694 2717 selunilillimagytum
872 2646 874 2651 '

37 2714 203 2773 Perficiant:
224 2718 252 2775 ld
267 2652 342 2775 enim
357 2714 471 2789 liepieri
487 2718 580 2791 regula
595 2717 696 2793 poscit.

39 2787 146 2846 Verum
158 2786 238 2849 Luna
252 2791 302 2851 suo
315 2789 459 2868 perfuncta
473 2792 512 2851 cll
527 2794 638 2853 circiter
651 2794 729 2855 horis

33 2863 210 2998 gulisque&
227 2868 342 2940 vigintit
368 2884 476 2944 porro,
499 2869 579 2943 quim
595 2867 675 2928 Luna
689 2871 779 2948 prope
794 2876 876 2954 abiit,

72 2939 124 2996 aud
138 2938 244 2999 nestit:
271 2943 381 3002 Phoebo
397 2945 519 3012 interea,
542 2946 590 3019 qui
605 2943 732 3007 volvitur
744 2951 814 3011 uitri

40 3016 113 3075 Tam
128 3015 245 3093 procul,
265 3026 297 3073 ut
312 3017 399 3078 Luna
414 3022 500 3080 veleri
513 3035 634 3094 corpore
650 3024 733 3090 potiit

38 3094 207 3174 Quanquam
219 3093 407 3167 premonuit,
426 3097 529 3176 viginti
542 3095 705 3173 &quattuor
715 3101 797 3166 itote
901 3110 965 3231 §i

909 3195 953 3231 ὦ
965 3203 976 3212 “
