2144 3502
78 145 133 205 ω
240 117 819 187 surr-tucnnrrus

52 255 136 317 '⁹Vel
151 255 333 317 formicarum
346 257 459 332 genitos
476 259 683 331 pregnantibus
697 257 762 317 ovis

82 332 301 408 Myrmidonas,
322 332 386 390 ciam
400 330 539 405 supplevit
551 345 630 406 pater
645 336 750 394 AEacus
763 333 879 403 urbem,

81 409 223 471 Pestifero
240 409 381 471 viduatam
396 404 467 463 odio
481 407 604 540 {panonia
618 410 739 484 iniquae3

81 486 138 544 Vel
154 501 264 562 patrem
276 482 409 546 Phoenica
428 478 468 539 sui
513 483 636 541 abatbaea
652 503 703 560 per
721 503 788 545 arva

82 562 195 624 Ferales
210 560 321 638 myrrbi
335 556 362 615 dt
377 555 467 615 nardo
481 573 636 619 contexere
651 579 753 626 canusa

52 639 76 688 '⁵
87 640 145 699 Aut
160 642 240 776 ¹Iovis
254 635 270 696 ὁ
284 633 403 703 cerebro
416 633 619 707 cataphraetam
634 635 718 695 exiise
731 639 910 706 Minervam3

85 717 145 776 Aut
170 715 259 792 purnis
274 714 396 768 conatam
412 711 553 770 Venerem
568 712 703 770 ernersrile
717 715 848 785 marinis,
951 734 957 753 ·

86 793 178 869 Quam
193 789 301 860 cypros
315 787 442 860 cacepim
463 786 510 845 vel
526 787 717 861 Pygmalionis
728 804 842 860 amore,

87 863 181 926 indita
194 861 379 921 marmoribus
393 875 477 937 gratae
491 862 624 935 spiracula
637 865 709 922 vite.

88 943 203 1002 Scilicet
217 937 346 1010 impietas
362 939 391 996 in
405 955 442 996 eo
463 937 543 1014 (ciam
557 952 652 999 cetera
666 939 809 1013 pugnent)

54 1020 184 1088 sonsque
199 1011 357 1085 superstitio
373 1013 565 1085 concordant,
586 1027 617 1073 ut
652 1031 682 1071 er
695 1014 796 1071 aniles.

90 1091 217 1164 Utraque
231 1088 349 1148 fabellas
363 1101 581 1167 commentaque
592 1033 702 1149 ludicra
716 1088 742 1147 se
756 1091 784 1149 se

90 1166 238 1242 Protegat;
261 1167 450 1244 indignosque
465 1167 514 1226 fibi
526 1167 669 1227 mendicet
684 1166 819 1225 honores.

128 1318 271 1381 Neutra
291 1331 368 1379 tuam
383 1319 431 1379 hle
443 1319 483 1378 fas
495 1318 535 1378 est
546 1320 711 1396 prasertim,
725 1317 872 1380 incredule
884 1317 1011 1399 Quinti,

94 1394 247 1472 Appellare
259 1397 355 1456 fidem.
383 1395 484 1454 Credis
497 1406 541 1454 tot
553 1414 631 1456 uana·
638 1398 766 1468 canenti,

54 1474 132 1532 '³5Et
146 1472 277 1547 dubitas,
297 1470 422 1537 morose,
443 1470 521 1546 sequi
538 1483 582 1531 tot
595 1490 662 1532 veta
678 1474 861 1548 probantem!
952 1471 954 1475 ’

93 1548 171 1683 guid
187 1551 256 1608 milri
270 1564 343 1607 nunc
357 1545 431 1604 aded
444 1546 619 1608 manifestum
634 1551 802 1622 extinguere
817 1551 930 1616 Numen

119 1636 236 1692 onatus,
257 1610 374 1681 ridenda
390 1621 468 1681 fimul
480 1622 669 1698 'deflendaque
682 1623 823 1698 monstra,
914 1684 920 1697 ‚

93 1699 253 1758 Terrestres
271 1711 382 1770 uteros,
404 1698 558 1790 limosaque
572 1698 675 1760 semiue
689 1702 794 1774 ponit,

96 1776 157 1833 Ceu
171 1773 264 1851 fungis
279 1793 311 1834 ac
326 1776 471 1835 tuberibus
483 1775 628 1835 nimis-ille
644 1778 734 1835 Poeta

52 1850 222 1920 maestius,
243 1849 417 1912 &mammas
435 1851 582 1912 lutulento
593 1852 661 1912 laile
673 1853 810 1920 fluentem

96 1928 267 2003 Opportuna
280 1928 376 1988 forent
394 1929 499 1989 teneris
513 1941 545 1989 ut
557 1929 768 2005 pabulanatis?

96 2005 154 2062 Cur
167 2016 266 2075 autern,
277 2003 405 2080 expresso
420 2004 520 2066 Tellus
538 2006 644 2065 emersa
662 2005 792 2081 liquore,

96 2081 173 2142 Solis
188 2083 224 2140 ab
238 2080 348 2156 aspeiiu
362 2079 481 2140 secunda
496 2082 650 2141 tumescere
666 2085 771 2156 coepit;

97 2160 135 2218 Et
148 2175 207 2218 non
222 2153 360 2232 acceptos·
374 2155 487 2234 dignata
503 2158 543 2217 est
555 2156 676 2215 reddere
694 2158 795 2219 foetus:

52 2240 89 2289 105
101 2233 175 2298 Ante
189 2234 234 2292 sua
250 2235 279 2290 vi
294 2235 469 2308 parturiens,
491 2235 631 2306 enixeque
646 2235 775 2308 prolem,

57 2330 66 2345 ·
96 2310 190 2392 Quian
203 2310 337 2382 gravida3
355 2307 383 2367 dt
397 2311 508 2380 nutrix,
529 2309 580 2369 ulli
593 2307 675 2385 qudm
693 2325 782 2388 nupta
795 2312 923 2373 marito?
990 2324 1014 2387 j

96 2389 144 2448 An
159 2383 225 2460 lapsa
242 2384 359 2445 madidae
372 2385 442 2445 radii
456 2386 580 2447 Telluris
595 2386 623 2444 in
637 2385 743 2453 alvum,

97 2463 213 2524 Semina
228 2462 357 2521 Phoebeo
371 2461 407 2520 de
422 2481 546 2540 corpore
560 2461 617 2521 ruta
632 2461 777 2524 tulerunt?

97 2541 145 2600 An
159 2537 209 2602 Sol
224 2551 269 2598 tot
282 2555 374 2597 rerum
390 2539 497 2615 species
513 2538 666 2601 meditatus
679 2541 806 2618 opimas,

52 2618 191 2678 ¹¹0Alvos
205 2615 343 2676 femineas
356 2616 385 2674 in
398 2616 479 2676 molli
492 2614 573 2675 finxit
586 2618 690 2675 areni?
854 2654 862 2669 .

96 2694 159 2829 {aar
171 2696 222 2755 Sol
238 2691 278 2754 est
293 2693 377 2767 igitur
391 2689 488 2752 Deus:
509 2708 545 2749 en
558 2692 608 2751 tibi
623 2693 723 2752 Graius
738 2693 863 2768 Apollo,

124 2788 144 2828 n
157 2773 272 2845 genitor
285 2770 469 2838 Phaetontis,
489 2766 705 2830 &Oceanitidis
718 2770 829 2844 hospes.

100 2847 242 2920 Nunquid
254 2849 282 2908 dc
296 2846 477 2919 omniparens
493 2845 579 2904 ioetus
590 2846 646 2917 jam
660 2848 750 2906 Terra
764 2849 882 2915 tenebat

100 2923 270 2982 Commiffos
285 2923 416 2998 gremio,
439 2923 513 2991 Solis
528 2939 600 2997 quos
613 2922 687 2982 eruit
699 2923 808 2984 ardori

52 3001 143 3060 rursu
159 2998 210 3057 tibi
226 3015 326 3072 magna
337 3000 432 3061 Deitm
447 2999 586 3076 genitrix,
606 2998 678 3058 ldaea
693 3001 810 3076 virago,

93 3080 166 3159 Qtrae
183 3074 314 3136 miserum
327 3078 422 3138 nimiis
436 3075 554 3138 vexavit
568 3076 712 3138 amoribus
724 3079 822 3145 Attin;

52 3316 75 3448 i.
