2144 3502
108 100 198 197 rso'
274 124 854 191 surr-nocan'rtus.

112 256 222 315 Contra
237 267 363 318 naturam
381 256 541 330 gravitatis,
560 259 680 334 iuraque
696 259 804 332 centri,
836 254 839 259 '
905 268 908 277 ’

113 334 153 392 Ni
173 331 258 393 tacite
272 335 322 393 sub
339 334 427 392 humo
442 333 522 393 radix
535 334 635 392 crinita
650 337 783 396 latentem

52 409 251 483 torosugeret,
272 428 305 468 ac
317 411 391 469 fibrae
408 409 512 469 circum
527 406 664 486 supraque
685 413 842 471 vocarent?

114 488 161 546 Sic
176 487 288 565 paulum
304 485 447 544 immersos
464 502 537 559 aqua
553 487 723 560 percolenda
736 485 854 563 repente

114 563 247 624 Cernitur
261 562 375 622 insolito
396 560 477 622 cursu
491 561 686 621 transcendere
705 579 825 637 pannos.

149 720 239 779 Huc
263 731 293 776 tu
309 715 376 775 dum
397 731 528 786 enarras,
550 713 628 792 quod
649 726 709 774 erat
729 713 900 782 dubitabile,
922 711 1021 790 ponis3

113 795 229 855 Scilicet
249 793 366 852 attratlu
385 793 463 851 fieri:
483 793 558 851 secus
576 792 671 852 omnia
685 793 763 851 fiunt.

53 872 109 917 ¹⁰³⁵
117 873 227 946 Corpus
249 871 323 928 enin
344 867 469 944 quodvis
485 869 641 928 involvitur
660 864 855 941 atmosphaera,

113 949 182 1008 Hoc
203 945 261 1016 est,
283 944 402 1003 effluvio
418 945 510 1004 subtili
524 944 741 1020 particularum,
759 955 769 962 “

114 1025 187 1155 8η
208 1021 315 1096 semper
335 1021 424 1095 magis
438 1033 487 1080 aut
505 1019 598 1078 mlnlrs
619 1018 803 1081 effunduntur
824 1017 967 1086 inauras,

146 1097 201 1156 nde
217 1109 436 1171 retorquentur,
453 1097 588 1170 quoniam
608 1095 667 1153 illas
682 1094 808 1172 reprimit
828 1091 891 1160 a‘e‘r,

119 1173 340 1250 Compuliasque
355 1172 457 1246 adigit,
479 1170 615 1247 quantum
637 1170 819 1247 compellitur
831 1167 875 1244 ips
890 1209 897 1223 .

54 1250 257 1330 1040Qudds1‚
279 1250 345 1308 dum
360 1249 500 1318 volitant,
521 1247 597 1307 forte
617 1248 647 1306 in
661 1244 829 1324 corpuscula
842 1239 969 1320 quaedam
1007 1273 1015 1287 ι

116 1327 287 1399 inciderint,
306 1341 340 1383 ea
353 1323 526 1398 corripiunt,
548 1325 598 1383 nist
612 1323 693 1383 malla
712 1321 836 1388 resiliat,
868 1340 872 1346 ·

71 1467 78 1477 ,
116 1405 154 1464 Et
169 1401 262 1462 motus
277 1403 305 1459 in
320 1412 446 1459 centrum
460 1401 576 1474 abigunt
589 1403 617 1460 vi
630 1400 752 1475 simplice
767 1397 872 1471 pullus.

91 1478 99 1494 “
116 1480 163 1538 Sic
181 1491 259 1554 gutta
274 1477 290 1538 ἑ
304 1477 386 1533 ramis
405 1476 547 1549 pendens,
570 1477 634 1537 clun
656 1475 763 1535 decidit
779 1473 884 1540 imber,

122 1556 201 1613 Orbe
216 1555 279 1612 suos
293 1551 372 1610 tenui
392 1549 523 1611 sustentat
537 1569 665 1626 gemmea
679 1550 772 1616 caius;

58 1642 115 1688 1045
123 1631 169 1689 Sic
187 1629 341 1687 contuetur,
353 1641 425 1699 aquo
440 1627 469 1682 in
484 1628 589 1688 tubulis
604 1625 895 1687 contristantium

120 1706 170 1764 Sic
186 1705 359 1776 interceptus
374 1703 489 1775 ¹gemina
505 1705 577 1762 inter
597 1705 684 1772 vitra,
705 1701 824 1761 receiius

119 1780 230 1838 Nititur
247 1779 274 1835 in
290 1794 395 1847 caetos,
418 1778 512 1837 tardus
531 1779 618 1850 licet,
639 1779 742 1837 humor
758 1779 857 1835 olivo:

124 1853 254 1916 Partibus
270 1871 305 1912 ex
319 1853 380 1911 aliis
397 1853 491 1913 valide
505 1855 572 1928 qula
586 1855 706 1928 presius,
728 1856 763 1913 ab
779 1853 825 1910 illa

120 1935 194 1999 Non
214 1929 331 2000 itidem,
352 1928 430 1987 certe
448 1930 606 1989 concedere
620 1930 706 1992 debet
725 1932 753 1988 in
772 1929 857 1988 illam.

60 2007 175 2076 roseilst
192 2007 257 2066 olea
276 2008 350 2065 inter
364 2004 391 2062 se
406 2004 520 2078 quando
544 2004 663 2080 aspirare
677 2007 809 2066 videntur

125 2084 277 2153 Cominus,
298 2081 429 2154 injiciunt
442 2079 492 2139 irbi
510 2083 644 2146 vincula;
667 2081 822 2156 dum-fugit
843 2081 892 2139 adr
964 2118 967 2123 <
1018 2084 1021 2093 '

122 2163 180 2241 Qui
199 2161 322 2231 medius,
343 2155 441 2215 veriam
461 2157 510 2231 qui
525 2156 619 2291 supri,
641 2155 821 2217 incumbit-dc
841 2168 936 2230 urget:
993 2212 996 2219 .

121 2236 199 2316 Quid
212 2239 329 2302 mirum,
349 2229 431 2291 citilrs
453 2233 531 2308 quod
561 2253 577 2292 e
591 2251 642 2308 per
654 2249 749 2293 mutua
760 2231 899 2306 iungant?

124 2314 291 2385 Magnetem
304 2309 353 2383 qui
369 2306 484 2382 spectat.
502 2309 589 2368 habet
603 2309 746 2368 clarliilma
762 2307 855 2381 pulsus

62 2388 310 2459 mssrlrgumenta.
332 2383 430 2454 Vide,
451 2384 610 2443 charcamis
630 2385 735 2444 texeris
754 2383 846 2442 albam

124 2462 247 2522 Pulvere
264 2476 348 2533 quem
369 2457 447 2517 ferro
459 2458 579 2520 detraxit
593 2460 658 2519 lima
678 2462 833 2530 minutum,

124 2537 227 2598 Affinis
240 2534 377 2613 quantum
392 2535 483 2595 valeat
497 2537 640 2612 praesentia
666 2537 732 2597 saxi.

123 2610 261 2690 Undique
280 2612 417 2670 Materies
440 2610 525 2671 cestro
540 2611 616 2684 quast
634 2617 741 2688 percita
756 2615 857 2686 currit,
883 2648 887 2657 ι

124 2692 251 2752 Vorticis
265 2692 293 2749 in
315 2704 440 2755 morem,
462 2685 586 2745 formans
597 2692 787 2749 'concentrica
800 2691 906 2751 circlrm

62 2765 263 2843 rotoilgmina,
287 2761 517 2836 demonstratque
535 2762 594 2820 vias
609 2768 710 2838 quibus
733 2767 834 2838 intrat,
854 2768 881 2826 dt
901 2768 961 2826 exit

126 2838 299 2912 Effluvium,
319 2839 506 2916 geminosque
528 2839 631 2913 polos:
653 2856 711 2901 tum
731 2841 853 2915 pendulo
866 2845 934 2906 ferri

125 2915 216 2972 Malia
233 2919 318 2994 triplo
331 2915 446 2991 gravior
466 2913 550 2988 lapidi
566 2917 593 2976 se
605 2918 633 2976 se
650 2919 770 2994 applicat
784 2921 869 2982 uino.

127 2992 235 3049 Cetera
255 3011 317 3067 quae
332 2992 470 3057 cumulas,
491 2990 570 3067 suprd
589 2996 646 3063 jam
660 2995 747 3053 eviila
762 2995 915 3069 patescunt.

125 3065 203 3146 Ergd
223 3079 302 3156 tuum
316 3069 431 3150 ingenio
439 3065 552 3152 syllana
566 3069 687 3149 superbit
708 3070 794 3132 inuri.
924 3150 954 3210 H

71 3178 74 3183 ·
940 3167 1037 3210 auu
