2144 3502
303 156 526 220 LIBER
581 153 831 233 Nonne.
971 163 1028 223 25³

107 289 173 348 Nec
184 286 274 348 nimbi
288 285 391 347 sursum
405 286 422 349 ὲ
436 287 538 364 pelago
550 286 609 347 fine
623 286 688 361 lege
708 286 852 350 feruntutr

109 366 175 423 Nec
187 362 244 423 fine
261 381 343 423 more
360 363 439 423 levet
453 364 584 441 instigant
598 364 695 423 nubila
709 361 797 421 venti.

54 451 99 500 ⁸05
108 439 155 500 Sic
169 439 196 498 ἀ
209 439 309 498 vitales
321 436 426 513 poffint
443 452 474 499 ut
487 456 604 514 carpere
624 439 738 508 succos,

110 516 269 576 Arboribus
285 514 373 574 dustae
389 514 510 588 radicem
531 514 665 585 floribus,
686 512 796 581 herbis;

109 596 149 651 Et
163 591 251 660 liber,
273 604 305 649 ut
319 591 420 665 prante
435 590 519 651 fibrae
532 591 664 725 suceigue
676 588 788 649 canales

109 668 234 733 Vestiat,
253 664 411 742 impediens
428 664 542 725 haustus
557 682 595 725 ue
627 667 711 727 efluat
725 664 837 725 humor.

110 745 156 803 Sic
171 743 288 817 proprio
306 744 351 801 sua
365 743 470 819 cuique
483 739 572 801 modo
587 742 650 803 sunt
661 757 767 817 organa
779 740 897 817 plante,

59 830 104 872 *ιο
114 822 153 876 Ut
168 819 312 877 communi
326 820 361 876 ab
375 817 466 878 humo
481 817 586 877 sumtus
598 818 707 879 variare
721 816 864 894 liquores,

109 897 200 968 Inque
215 894 253 952 sui
266 893 380 969 generis
392 895 507 955 valeant
520 905 690 953 convertere
702 891 842 960 formamr

110 973 148 1030 Et
160 972 264 1046 lignum
277 968 304 1027 dt
318 967 436 1031 frondes
450 973 504 1029 und
515 981 679 1031 recreentur
698 971 733 1027 ab
747 968 816 1029 escd

109 1047 155 1106 Sic
168 1048 249 1118 datu,
270 1047 435 1121 progeniem
449 1062 512 1121 que
525 1044 654 1118 servent,
673 1044 776 1103 semina
791 1046 897 1107 condit

110 1122 153 1179 Ac
168 1135 236 1197 toga
251 1122 403 1181 seminibus
409 1162 421 1195 ,
441 1138 504 1197 qua
516 1135 649 1198 protegat
660 1118 787 1194 undique
806 1120 908 1185 clausa.

60 1209 103 1259 ¹¹5
112 1198 159 1256 Sic
177 1199 265 1255 robur
280 1210 400 1267 trunco,
420 1197 456 1256 fic
469 1199 513 1257 vir
525 1196 711 1259 accommoda
724 1197 827 1266 ramis,

112 1274 154 1332 Ut
165 1272 294 1347 patulum
308 1272 354 1332 vel
368 1289 520 1349 procerum
532 1274 573 1334 est
585 1275 723 1349 cujusque
738 1287 884 1334 cacumen.

150 1465 264 1523 Hnuu
285 1462 372 1541 magis
388 1482 424 1526 ex
439 1464 537 1544 aliquo
557 1463 656 1527 credes
672 1482 765 1527 errare
777 1463 907 1527 planetu

114 1539 255 1610 Consrlio,
275 1540 431 1619 Solemque
444 1542 496 1602 suis
509 1543 605 1603 lucere
623 1543 762 1612 Planetis,
798 1592 801 1597 .

112 1619 154 1677 Ut
167 1632 226 1693 quo
238 1616 340 1676 ardore
355 1631 468 1692 carent,
489 1619 583 1681 Orbes
596 1618 732 1680 fecundet
746 1633 868 1695 opacos,

59 1694 260 1768 neutriusque
275 1695 334 1754 foci
349 1695 455 1770 semper
468 1695 621 1755 volvantur
634 1694 668 1752 ad
683 1696 793 1769 ignem:

110 1770 231 1829 Saturno
245 1784 329 1844 atque
341 1770 540 1846 Jovdflcomites
558 1768 661 1826 adnare
664 1772 869 1900 &rupinum

112 1845 175 1904 Ceu
189 1847 286 1903 Terre
299 1844 425 1907 Luuantr
448 1845 593 1901 utnotres
608 1859 663 1917 qua
698 1842 892 1906 Soleretento

111 1918 269 1980 Sublustres
283 1916 394 1985 facere,
414 1928 501 1991 atque
517 1917 659 1976 absentem
674 1916 795 1977 reddere
808 1919 927 1995 posslntr

111 1997 231 2067 Totque
247 1992 317 2049 alios
332 1989 430 2049 iridem
444 1991 544 2064 Soles,
564 2006 635 2070 quot
647 1993 735 2053 fldera
754 1993 809 2053 fixa

61 2080 104 2127 υς
114 2069 185 2127 Sunt
199 2067 299 2138 Coelo,
319 2079 404 2143 atque
421 2065 476 2127 illie
491 2067 537 2128 sua
553 2066 742 2129 collustrando
756 2068 862 2145 subess'e

114 2146 261 2220 Corpora,
282 2161 344 2218 que
359 2143 478 2203 comites
492 2145 540 2205 alii
555 2146 661 2215 majora
673 2144 839 2221 sequantun

114 2222 179 2278 Una
194 2219 243 2290 fit,
262 2235 294 2278 ut
307 2219 363 2277 toti
377 2219 439 2290 lert,
461 2238 573 2299 unaque
588 2223 686 2299 regula·
697 2220 822 2297 Mundo.

52 2318 55 2323 ·
113 2298 165 2355 Vis
173 2297 281 2355 ·iterum
295 2293 357 2353 casu
370 2294 443 2367 hec,
464 2311 512 2358 aut
526 2298 555 2357 vi
572 2300 742 2375 contingere
757 2301 846 2372 caecd.

114 2375 193 2453 Quas
208 2387 268 2433 non
283 2372 452 2449 agnoscunt,
472 2375 519 2436 uel
532 2393 621 2452 parva
633 2376 753 2455 maptlIa
766 2376 885 2439 causas?

65 2580 110 2626 tro
144 2567 181 2625 -O
198 2563 316 2626 demens
332 2567 468 2642 Epicure!
496 2569 552 2628 Dei
565 2566 683 2646 vefflgla
696 2569 792 2645 pamm

116 2641 183 2700 Effu
206 2644 245 2715 is,
264 2656 294 2701 ut
310 2641 407 2704 delere
421 2648 538 2718 nequis;
566 2660 594 2708 te
607 2658 636 2707 te
653 2646 700 2705 illa
711 2647 877 2720 sequuntur.

116 2661 264 2804 Quidquid
276 2721 352 2795 agis,
374 2720 566 2798 quodcunque
582 2721 682 2793 vides,
702 2739 746 2781 urs
761 2722 818 2794 ipsa
833 2719 940 2781 fatetur

118 2791 273 2852 Artrficem.
307 2796 386 2855 Deus
401 2797 466 2870 hic,
487 2795 565 2857 certe
577 2797 666 2859 Deus.
694 2797 778 2857 Haud
792 2799 960 2877 timorergd

118 2866 237 2954 Fecitin
252 2869 331 2929 Orbe
343 2870 423 2933 Deos
435 2877 557 2950 primus,
577 2890 632 2933 uec
644 2872 753 2951 Jupiter
766 2890 833 2933 ¹uno

68 2957 111 3006 tu
120 2939 251 3001 Credrtus
265 2962 300 3003 ex
316 2950 425 3010 tonitru
439 2950 537 3010 Terris
550 2965 669 3024 regnare
683 2951 793 3010 minaci.

117 3013 222 3076 Nostra
236 3018 322 3078 sedin
339 3027 443 3085 cunetis
457 3026 506 3085 fibi
520 3026 631 3085 conscia
643 3027 729 3085 rebue
745 3025 851 3103 egestae
859 3073 869 3103 ,

120 3093 273 3171 Multaque
288 3099 378 3172 totius
390 3100 496 3165 Muudl
510 3100 679 3182 spectatura,
701 3102 802 3240 ovorum
991 3173 1049 3226 Q

1031 3288 1048 3387 1
