2144 3502
6 136 117 207 m.
231 94 776 208 EptsToLu

12 359 266 446 commendant
283 357 553 446 benevolentia
572 358 690 461 Tua,
721 364 886 481 Tuaqm
897 366 979 479 pia-

11 503 98 585 tati.
138 482 299 578 ¹Tutum
323 492 474 598 huiusce
499 495 696 579 Poematis
719 511 806 606 opus
830 502 980 613 Religio

9 627 175 737 concepit
197 648 245 706 aa
268 626 444 735 peperit:
478 620 562 708 bac
578 621 840 738 amoeaffatas
857 630 982 743 jpltn·

8 753 86 838 didi
109 756 249 862 ingenii
276 753 419 863 lepores
441 751 681 859 consecravit
697 757 877 868 supremo
896 760 981 843 Nu·

9 882 123 975 eninm
151 879 232 961 bac
249 876 415 965 auibaris
423 874 555 991 petbus
573 883 834 992 inflammavit
850 880 982 969 diuino

10 1007 168 1123 ‘quadam
189 1005 328 1116 afflatu
354 1011 531 1109 ardoris,
559 1013 648 1124 qui,
677 1028 721 1098 ut
748 1016 790 1098 ia
807 1013 922 1128 ipfius
935 1039 980 1096 a·

10 1144 108 1226 aima
134 1140 332 1226 diuturna
346 1143 442 1226 vita
469 1138 623 1252 dacutfie
647 1141 871 1232 debilitatus
887 1170 983 1230 aua-

8 1297 123 1384 quam
148 1270 223 1381 est,
251 1275 311 1356 ita
335 1274 376 1356 in
397 1287 507 1384 apere
522 1276 631 1358 vivit
638 1276 981 1390 flagratquesem·

2 1419 104 1517 per,
130 1405 238 1514 laage
254 1407 359 1488 tamti
384 1404 529 1491 laboris
546 1402 682 1496 tralbu
704 1431 895 1519 uunquam
912 1431 982 1489 eu·

8 1531 160 1622 timbbus.
210 1533 359 1618 Eadem
374 1537 491 1619 atiam
508 1535 674 1641 majores
693 1531 894 1641 mihijacit
900 1533 983 1645 spi·

7 1672 112 1753 ritas
124 1725 138 1767 ‚
168 1679 214 1750 ut
244 1678 377 1750 matum
396 1662 482 1774 fitis
506 1661 684 1775 auspiciis
719 1666 914 1766 Carmen,
941 1668 981 1751 iu
1051 1682 1056 1707 ¹

8 1821 80 1909 qua
117 1797 346 1882 limameuta
372 1788 545 1906 quadam
569 1786 793 1903 impmfebba
819 1793 981 1905 reliqua·

9 1938 83 2010 rat
113 1929 242 2033 magui
268 1921 434 2032 artificis
452 1925 630 2031 impetus,
656 1924 764 2035 quast
779 1924 981 2038 Apelleam
1071 1965 1072 2002 t

7 2054 183 2139 tabulam
216 2052 345 2168 aliquit
375 2077 425 2136 ex
452 2066 574 2162 purte
597 2048 835 2156 consummare
866 2053 1009 2138 amie-¹

7 2209 91 2268 rem
98 2209 115 2280 ,·
142 2181 269 2268 eadem
295 2207 391 2265 aaut
406 2178 511 2282 iubat
527 2203 661 2264 mamus
677 2178 744 2266 bac
753 2180 828 2289 fibi
838 2185 981 2291 pretia·
1056 2230 1059 2235 ·

3 2311 183 2428 ftffimum
201 2312 256 2398 ad
262 2310 375 2426 pedes
392 2313 498 2408 Tuas
513 2311 675 2418 deferri.
713 2316 868 2424 Semper
882 2317 983 2409 mim

10 2450 90 2550 Te,
120 2449 477 2533 Stuc‘msstmt
507 2447 696 2550 Peene,
725 2449 875 2557 Religio
891 2448 983 2532 tulit
1050 2492 1053 2497 ·

8 2583 49 2664 iu
72 2579 184 2664 oculis
193 2603 209 2673 ‚·
236 2573 317 2688 ipsa
345 2575 434 2660 Tibi
455 2582 595 2688 primis
611 2579 663 2667 ab
678 2581 791 2663 aunis
808 2592 982 2662 tenerum
1036 2663 1040 2669 ,

15 2707 134 2799 tibus
161 2709 299 2792 imbuit
326 2732 456 2791 amare
476 2709 551 2811 fia.
613 2711 667 2794 Te
678 2708 748 2816 fua
753 2707 897 2819 statim
913 2713 988 2811 im-¹

2 2824 260 2957 pasttamfimm
268 2835 577 2950 fingamstuduit
594 2837 728 2925 adeas
744 2856 873 2943 aetas,
898 2866 983 2953 qua

23 2986 221 3087 upreeaam
246 2965 366 3079 bam,
393 2993 509 3082 quam
536 2995 635 3062 uum
659 2968 822 3073 abtim,
859 2968 983 3081 digai·

692 3125 697 3134 '
919 3109 985 3181 ta«
