2144 3502
91 152 148 226 soa
190 186 204 201 ,.
267 143 847 245 artur-Lucanum&
939 168 941 174 1

52 278 218 340 tueremur
230 288 262 340 ut
276 282 352 342 vinci
365 293 526 358 nequeant,
547 284 588 341 ita
601 284 719 345 uincere
733 280 805 342 nulli
843 314 848 327 ·

94 355 262 417 Concessum
276 357 333 430 est,
355 359 484 433 ultraque
498 356 563 416 suos
579 375 731 420 excurrere
742 356 823 419 fines.
998 396 1004 423 r

92 433 141 493 Sic
156 433 317 495 obsistendo
331 434 357 491 se
371 446 446 492 tanta
458 433 606 492 volumina
620 435 732 495 librant.

92 510 171 569 Hinc
186 509 295 582 fluvio,
316 508 439 568 nostrum
453 509 580 568 lambens
595 509 646 585 qui
661 512 792 572 terminat
806 510 924 579 orbem,

93 587 232 666 Quamvis
248 585 354 644 diresin
366 598 487 667 conetur
499 584 610 645 tramite
626 583 694 643 ferri

52 664 203 736 “asnonte
217 662 278 733 sua,
296 658 443 718 interclusa
456 661 522 737 suga
536 663 601 722 esit.
612 659 681 734 ergb
697 660 746 721 ille
759 661 881 721 reflexus

94 739 213 814 Cogitur
231 738 378 797 incurvare
391 737 467 809 uiae,
488 741 624 816 cogitque
637 737 810 811 sequentem.

92 815 171 876 Ecce
184 824 277 872 autern
292 811 320 867 in
335 810 427 870 medii
441 817 579 874 currentis
594 815 716 873 materia
729 813 759 870 vi

94 893 203 966 Magna
218 887 395 948 Pianetarum
411 887 549 951 fluitantia
564 906 685 965 corpora
699 889 808 949 cernis:

92 967 143 1025 lila
159 961 333 1023 volubilibus
347 968 449 1042 raptari
469 966 556 1026 mersa
570 966 699 1036 fluentis,
865 976 868 979 ’

52 1043 139 1106 tynae
154 1040 260 1096 circum
275 1039 376 1100 rutilos
391 1041 510 1102 Phoebei
523 1041 617 1101 sideris
630 1044 709 1118 ignes

94 1115 253 1178 Turmatim
270 1133 425 1192 properare
446 1115 584 1178 &eadem
601 1134 731 1192 currere,
750 1117 805 1194 qui
816 1115 869 1178 Sol

92 1191 281 1267 induperator
296 1195 347 1252 iter
362 1197 475 1270 propria
491 1194 630 1270 uertigine
640 1194 748 1268 signat,

94 1267 233 1330 occasum
249 1268 358 1345 semper
370 1272 481 1347 fugiens
497 1284 529 1328 nt
545 1283 644 1347 uergat
659 1271 687 1329 in
702 1282 815 1341 ortum3

92 1345 162 1406 Hoc
173 1345 241 1405 Tibi
254 1346 312 1418 jam
326 1360 427 1408 notum
440 1347 466 1406 u
481 1349 557 1406 certi
570 1348 681 1406 ratione
694 1347 845 1423 probatum
862 1341 912 1405 eii.

52 1424 172 1558 Qum
187 1423 271 1482 etiam
286 1424 404 1496 impetui
416 1440 466 1481 cur
480 1422 517 1482 src
531 1421 699 1498 respondeat
718 1422 812 1483 omnia

94 1503 118 1560 ll
130 1516 213 1560 orum
229 1500 303 1558 inter
319 1499 346 1557 se
361 1498 505 1570 distantia,
526 1497 635 1566 nuilus,
654 1499 780 1575 opinor,

94 1578 221 1651 Ignorat.
252 1576 358 1649 Neque
372 1574 451 1648 quod
465 1572 587 1649 superest
601 1575 709 1649 aperire
724 1573 883 1635 molestum.

94 1653 175 1712 Scire
189 1651 268 1723 cupis
284 1646 360 1708 varie
375 1651 424 1708 cur
438 1648 474 1709 slc
489 1648 504 1708 1
517 1647 585 1708 Sole
600 1648 749 1730 recedant3

96 1728 156 1786 Cur
169 1727 254 1784 etiarn
269 1738 370 1800 prater
382 1742 563 1786 communem
578 1725 606 1785 in
621 1728 733 1786 vortice
747 1744 852 1804 magno

52 1802 253 1866 ttoCircuitum
268 1819 328 1877 quu
344 1803 447 1878 cuique
463 1802 526 1861 suus
542 1801 709 1863 describitur
721 1819 829 1877 annua,
890 1865 892 1869 ,

95 1878 226 1943 Turbine
242 1881 355 1954 privato
369 1879 420 1958 qui
434 1880 518 1938 certis
531 1879 647 1940 conficit
659 1880 739 1940 horis

95 1957 204 2018 Noster
219 1968 306 2031 atque
321 1955 399 2026 dies,
418 1955 537 2031 proprio
551 1955 633 2031 super
646 1974 700 2018 axe
714 1969 859 2019 rotentur:

95 2031 264 2110 Expediam.
296 2031 385 2094 Causa
398 2031 437 2093 eii
455 2031 554 2093 eadem
565 2048 649 2110 quarn
664 2033 786 2096 diuinus
802 2029 877 2093 ante.

133 2188 183 2248 Nn
193 2205 220 2248 u
239 2188 283 2247 vis
298 2186 346 2246 ilia
361 2195 481 2261 potens,
504 2205 567 2262 qua
579 2187 701 2264 primum
718 2187 734 2249 1
747 2185 815 2250 Sole
828 2173 966 2265 profetia}

52 2265 205 2327 ets'i'otum
222 2265 312 2336 agitat
323 2262 458 2336 fluidum,
478 2261 629 2339 fundaque
648 2265 756 2325 imitata
769 2265 922 2339 vigorem5
958 2293 964 2339 t
1024 2295 1029 2303 ·

94 2340 215 2400 AEthera
229 2337 427 2400 circumfusum
441 2339 476 2397 ad
489 2341 613 2406 ,uerticis
626 2340 725 2401 ultima
739 2340 846 2407 vibrat,
1017 2402 1022 2409 ,

95 2416 298 2495 Quodcunque
314 2415 439 2477 offendit
450 2414 623 2476 condensum
638 2435 670 2477 ac
682 2416 759 2477 mole
772 2413 914 2481 refistenm
956 2471 960 2483 ,
995 2411 999 2418 ’

95 2495 227 2570 impetit,
247 2505 334 2570 atque
349 2492 422 2552 elata
438 2490 518 2567 supra
530 2493 673 2553 vioienter
684 2491 719 2551 ad
736 2494 823 2550 imum

96 2571 257 2646 Pracipitat
270 2580 416 2630 centrum:
435 2569 504 2643 quin
520 2569 631 2630 Phoebo
644 2568 768 2641 denique
781 2561 871 2634 mergi

52 2646 237 2723 ‘weogeren
259 2645 378 2725 impulsu
393 2655 537 2706 momenta
553 2646 581 2703 io
596 2639 833 2718 fingulaadausio

97 2723 111 2798 (
119 2725 161 2783 Ut
176 2725 248 2785 solet
262 2725 291 2785 in
303 2722 367 2785 casu
380 2720 525 2799 gravium,
540 2720 658 2796 fierique
672 2715 783 2778 necesse
798 2709 859 2789 est)

97 2800 135 2862 Ni
150 2799 295 2862 radiorum
310 2800 386 2860 acies
400 2798 517 2857 servent
532 2813 565 2855 ac
578 2793 677 2856 vivida
691 2791 791 2855 contra

97 2877 244 2942 Librarum,
265 2895 327 2951 qua
342 2873 489 2937 dimidium
506 2871 655 2949 complexa
667 2870 829 2942 Planetam,

98 2948 356 3045 Sustinetiliabens
369 2949 509 3046 constanti
524 2951 631 3040 robore
645 2947 767 3025 pondus.

52 3026 246 3177 ‘’mitiiff
259 3027 734 3185 bumuitiisditudi
749 3115 853 3178 corpu
973 3160 1024 3238 Π

554 3206 558 3211 ·
996 3196 1008 3236 r
