2144 3502
187 110 484 184 *LIBER
551 99 893 176 surmus·
977 125 1012 191 15

62 296 65 301 <
97 251 171 321 ‘sale
189 251 340 328 Voluptati
354 247 465 309 frenum
480 245 605 318 injecisse
622 243 692 321 quid
709 244 778 321 ergb

97 339 145 398 Te
156 335 266 408 jairas-,·
277 326 355 403 quod
367 327 450 385 inane
463 326 547 399 jubes
567 339 730 399 uanumque
742 320 858 399 putari?

49 493 95 550 405'
142 484 236 546 Nara
255 477 331 557 quod
344 477 420 557 apud
432 479 531 550 Sinas,
547 478 599 537 ubi
617 476 692 538 Solis
706 473 798 551 prima
817 473 910 532 renati

102 563 178 623 Teia
191 560 307 627 micant,
323 554 416 615 studio
436 554 581 624 celebres,
603 553 755 630 legumque
774 548 886 625 peritos

80 688 87 694 .,
104 639 190 699 Fama
201 632 285 693 refert
304 631 444 708 quosdam
456 629 537 689 nullo
552 631 691 689 mercedis
712 636 810 686 aurore

105 715 243 774 Virtutem
259 708 374 777 colere,
395 724 429 766 ac
447 707 557 766 Vitium
577 704 731 766 formidine
750 703 826 763 nulla

103 788 252 852 Persarum
267 796 332 846 toto
347 783 477 843 certatim
497 781 650 843 excludere
664 786 774 857 regnor

52 868 176 928 410Non
188 873 284 925 tamen
303 859 345 919 est
365 859 458 935 aliqui
475 856 533 919 srne
549 858 730 934 relligione,
751 874 807 916 uec
819 854 898 917 omni

105 943 218 1017 Speque
233 947 370 1011 metuque
391 945 475 995 vacat
492 933 614 1012 speciosa
630 934 691 994 baec
702 933 814 1010 Regula
830 946 969 1008 morum,·

105 1021 142 1081 Et
161 1011 369 1092 componendae
388 1011 435 1070 lerr
453 1011 545 1071 ferme
563 1007 660 1071 Stoica
676 1011 766 1087 vite..

103 1088 369 1154 AEternamsaltern
386 1103 531 1160 normam,
551 1088 681 1163 Verique
704 1086 836 1161 Bonique

105 1170 247 1229 Nativum
262 1163 408 1238 exemplar
419 1178 481 1233 non
498 1165 676 1234 illiciantur,
697 1161 726 1223 dt
744 1163 832 1223 Orbis

57 1245 218 1307 iiiiiescio
234 1256 320 1318 quam
332 1240 422 1300 veluti
436 1242 589 1301 Rationem
603 1241 779 1315 immotaque
796 1239 875 1312 jura,

107 1322 241 1457 gnorunt
255 1316 271 1376 d
285 1314 413 1390 legitimo
426 1316 574 1378 minimirm
589 1314 742 1377 desciscere
755 1315 834 1376 cuitu

142 1414 182 1457 on
196 1392 286 1456 modb
301 1390 408 1468 grande
427 1391 522 1465 nefas,
543 1391 590 1453 sed
603 1391 630 1452 dc
643 1392 825 1465 irreparabile
840 1390 983 1457 damnum.

109 1472 150 1533 At
169 1489 231 1548 qua
245 1474 307 1545 Jura
321 1469 389 1541 tibi,
409 1485 474 1544 quar
495 1470 557 1539 lex,
580 1485 644 1545 qua
662 1484 777 1539 norma,
799 1472 864 1548 quis
879 1468 953 1530 urdo
982 1476 987 1483 '

110 1548 206 1684 gum
223 1563 283 1606 non
299 1544 427 1604 intulerit
442 1547 534 1616 casus,
555 1561 673 1607 mensve
688 1543 864 1608 ediscatur

61 1643 106 1690 420

142 1623 163 1682 il
183 1622 305 1684 solidum
324 1620 393 1692 tibi,
414 1621 455 1680 nil
467 1636 586 1696 verum,
605 1621 656 1682 nlfi
670 1622 729 1686 sola
740 1623 891 1702 Voluptas.

113 1697 200 1759 Unde
213 1698 398 1776 Voluptatem
411 1712 505 1772 penes
518 1698 559 1759 est
576 1693 735 1759 adscribere
747 1700 831 1760 rebus

114 1774 227 1853 Justitie
239 1774 410 1845 scelerisque
426 1785 541 1845 notam,
560 1775 648 1909 &jus
665 1775 761 1835 dicere
779 1777 889 1838 mentia
906 1794 911 1803 ·

119 1853 161 1911 Ut
173 1848 220 1908 sua
238 1851 343 1923 cuique
356 1848 437 1907 Deus
447 1850 502 1918 lam
523 1850 572 1912 fiat
612 1851 650 1910 ira
668 1868 703 1910 cu
723 1851 782 1913 ido.

117 1923 205 1986 Sic&
220 1923 347 1999 Junones
360 1924 503 2000 proprias,
526 1927 694 2003 Geniosque
737 1944 846 2008 eosque

68 1998 269 2071 qarRestituis,
290 1997 353 2057 casu
370 1998 515 2063 'nobiseum
536 2001 652 2063 &sorte
668 2016 789 2065 creatus.

119 2076 240 2151 Propria
252 2073 472 2210 ”amfluid‘ffid
485 2078 594 2139 Natura
607 2080 726 2155 requirit
739 2082 773 2139 ab
784 2096 851 2141 -uno

116 2150 418 2293 guoquelrommum,·
432 2171 472 2212 ac
479 2153 529 2233 ipii
534 2154 633 2215 Venus
641 2155 788 2226 altitonus
797 2157 893 2216 omnia
900 2155 1030 2233 subdens,

86 2246 92 2257 ·
149 2246 186 2288 oc
203 2227 366 2290 cohrbenda
380 2229 489 2303 minius,
512 2247 572 2306 quo
592 2231 662 2307 quid
676 2231 874 2296 seirenrentibs
890 2233 978 2295 ardet.

117 2309 185 2367 Non
201 2306 284 2366 aliter
296 2300 379 2380 quim
400 2303 421 2364 sr
443 2307 543 2382 patulo
557 2304 709 2384 Neptunus
723 2308 804 2372 hiatu

68 2384 277 2459 raongreribus
292 2381 380 2456 ruptis
390 2382 517 2443 *Batavos
533 2382 658 2445 exundet
673 2388 700 2445 in
720 2380 818 2462 agros,

121 2459 303 2533 elaustraque
315 2456 448 2520 dissiliant
466 2457 561 2520 valido
576 2461 707 2521 conculsa
723 2462 869 2527 Tridenti:

119 2534 263 2611 Mergitur
284 2534 378 2592 omnis
391 2533 508 2596 humus:
530 2551 705 2615 quacunque
719 2540 864 2602 ferocibus
877 2538 961 2604 undis

121 2608 248 2681 objicies
263 2608 383 2680 frustra,
403 2612 533 2689 Neptuni
549 2624 621 2671 tetra
642 2616 755 2678 vorabit
928 2617 964 2637 '⁸
1000 2614 1004 2629 '
1055 2617 1058 2625 '

122 2684 283 2759 ingluvies:
304 2684 406 2744 rabido
421 2687 503 2749 satius
516 2704 616 2763 parere
632 2690 739 2760 furori3

76 2758 228 2819 aarDonec
243 2763 344 2836 sponte
360 2760 406 2820 sua
421 2763 558 2837 refluant,
579 2765 721 2844 Corisque
734 2767 865 2840 remissis,

125 2832 256 2907 lugentes
275 2835 391 2899 demum
407 2835 497 2903 liceat
508 2840 607 2904 sarcire
625 2846 728 2905 ruinas.

164 2982 277 3064 Qubu
296 2963 582 3066 lipermittamresiae
597 2996 714 3060 rationis
736 3007 768 3056 ut
782 2999 861 3064 usum

10 3071 12 3077 ¹
127 3057 289 3151 liquescas,
307 3077 393 3145 atque
407 3067 438 3130 iri
456 3085 596 3150 uinquam
612 3070 747 3135 variabile
764 3072 861 3140 iumen
974 3151 1007 3204 ἲ

1006 3162 1067 3200 a.
