2144 3502
53 132 68 179 '⁴³
146 170 149 174 ·
229 155 485 220 ¹nrnuu
549 143 1051 246 qussnnausffna

134 285 208 354 Ciam
226 291 309 350 locus
327 285 403 346 unde
420 283 499 344 venit
515 283 599 346 nobis
620 281 695 342 haud
718 281 773 341 else
791 282 904 343 videtur

110 367 115 379 '
135 370 161 429 E
179 368 315 441 regione;
335 364 401 420 licet
414 360 482 421 vere
497 360 600 420 directa
620 359 652 417 fit
665 361 694 418 in
711 359 745 418 se.

82 449 126 504 195
135 443 274 520 Quadrati
288 440 358 498 latus
372 437 403 496 as
418 437 490 504 icio;
510 436 703 510 quodcunque
723 454 774 512 per
795 430 865 494 illud

136 518 273 594 Venerit,
295 515 350 573 hoc
368 531 384 572 a
418 531 464 573 me
477 511 548 571 recld
561 512 719 585 procedere
737 512 849 571 dicamt

55 621 67 649 μ
134 597 190 654 Per
208 590 379 666 diagonalem
395 590 465 649 vero
479 589 498 646 n
512 587 641 654 venerit,
664 586 714 645 etsr

136 670 265 730 Tramite
280 667 403 737 directo,
424 667 565 739 quianon
583 674 737 722 convertor
756 663 791 722 ad
804 661 880 722 illam

136 744 224 802 Unde
240 744 318 804 venit
335 754 460 815 partem,
482 740 574 797 subito
590 738 746 812 procedere
762 741 853 799 dicam

81 821 248 894 ²00corpus·
264 817 294 878 id
307 816 435 892 oblique.
455 818 542 876 Secus
565 825 656 871 autem
672 813 774 874 deinde
792 816 917 874 futurum
930 805 984 883 cll,

137 898 167 958 Si
181 895 375 970 diagonalem,
394 891 450 964 qua
468 891 589 949 nascitur
609 900 656 945 aut
679 889 769 960 cadit,
789 890 855 949 illuc

54 980 57 989 '
136 972 285 1032 'l'ranalato
299 985 461 1045 percurram
480 966 580 1031 oculo;
603 976 670 1023 tunc
685 982 808 1040 namque
821 966 938 1028 vicissim
974 978 977 985 '

134 1049 190 1109 Ibit
208 1049 236 1106 in
252 1047 402 1119 obliquum
417 1043 515 1120 quadri
533 1043 605 1099 latus
622 1054 708 1099 omne
730 1040 854 1109 videnti;

164 1139 262 1196 uaeque
278 1133 339 1180 erat
354 1118 474 1195 obliquo
493 1119 579 1177 trastu
596 1114 656 1186 via,
678 1118 751 1175 resia
768 1116 862 1177 sutura
880 1118 930 1178 est.
997 1146 1030 1166 -υ

82 1200 181 1273 aossrc
192 1195 346 1270 AEquatori
364 1194 494 1259 inclinata
508 1194 547 1253 est
561 1191 653 1250 orbita
672 1193 763 1262 Solis,

135 1274 195 1334 Olli
212 1272 278 1328 dum
292 1271 434 1342 AEquator
448 1270 526 1331 simul
546 1268 737 1329 inclinatur&
753 1265 819 1342 ipse.

135 1348 277 1421 Obliquas
296 1345 396 1420 igitur,
415 1364 533 1421 quarum
552 1361 580 1405 re
598 1346 716 1404 nomine
735 1345 820 1417 jadias

133 1426 287 1491 Inventor,
307 1422 451 1495 redasque
473 1424 530 1482 vias
573 1422 631 1480 uod
649 1419 784 1497 discrepat
799 1421 888 1488 inter,

135 1499 203 1558 Hoc
219 1510 311 1557 totum
330 1496 397 1555 inde
412 1499 503 1558 oritur
518 1498 595 1573 quod
610 1497 663 1556 fint
676 1496 739 1557 data
774 1497 854 1557 untia
867 1491 1020 1558 secundun

82 1575 270 1651 :routpertus
285 1576 390 1632 varios.
411 1573 450 1633 At
467 1577 560 1635 inanis
577 1576 689 1650 gurgite
709 1515 803 1646 vallo,

136 1649 337 1725 lmrnensrsque
355 1649 440 1718 locis,
464 1667 533 1727 age,
555 1649 615 1719 dic,
639 1650 687 1707 ubi
701 1651 835 1709 terminus
856 1648 944 1724 dquo
1014 1680 1017 1685 <

136 1728 290 1787 Discedunt
304 1726 404 1784 Atomi
419 1727 543 1791 celerem
563 1727 611 1784 ubi
625 1725 759 1783 terminus
773 1726 808 1784 ad
828 1741 915 1801 quern

135 1801 328 1862 Pervenianrl
348 1802 415 1879 Quo
434 1801 575 1872 respestu,
590 1802 649 1874 ,qui
663 1811 743 1873 parte
756 1801 889 1864 locorum

134 1873 264 1950 Obliqud
277 1873 388 1948 potins,
408 1873 492 1945 quim
507 1873 626 1939 diredle3
647 1886 694 1932 aut
707 1877 771 1934 vice
792 1875 870 1936 versa

82 1952 259 2025 zrtPergere
273 1948 420 2006 dicamus?
439 1949 510 2026 Qua
524 1960 552 2007 te
573 1949 713 2008 dementia
727 1952 817 2025 cepit,

136 2027 193 2094 Ut,
215 2040 277 2099 qnae
291 2022 380 2098 prima
397 2023 465 2096 iacis
479 2024 567 2085 veluti
581 2023 744 2084 fundamina
761 2026 857 2098 seria,
915 2086 917 2096 ,

136 2102 171 2160 ln
187 2111 215 2158 te
238 2098 317 2159 versa
336 2111 433 2172 ruant,
453 2102 572 2176 proprio
586 2101 613 2163 ἃ
634 2099 806 2176 repondere
821 2100 972 2178 frangantl

174 2254 226 2314 Ex
243 2251 359 2313 infinito
378 2255 496 2314 veniunt
515 2270 579 2314 mea
592 2253 709 2326 semina,
731 2251 822 2321 dicent

137 2329 180 2392 Ac
195 2331 292 2393 Terrae
314 2341 442 2391 centrum
458 2326 554 2392 versus
567 2333 707 2406 gravitate
719 2329 855 2394 seruntur.

82 2429 130 2470 no
137 2405 283 2465 Infinitum
299 2404 370 2482 ergo
390 2406 441 2467 tibi
457 2405 578 2467 circulus
595 2405 650 2466 ess'e
664 2406 790 2482 videtur,

84 2483 89 2488 '
125 2482 168 2541 'ln
182 2499 240 2558 quo
254 2484 345 2543 Terra
359 2481 454 2543 locum
469 2483 560 2544 centri
576 2494 661 2543 tenet·
680 2485 730 2544 Ast
744 2503 799 2560 ego
818 2500 908 2560 nuper

133 2557 194 2636 Jam
209 2559 273 2619 satis
289 2558 415 2630 ostendi,
436 2559 519 2636 qudm
535 2558 567 2619 fit
582 2563 722 2622 contraria
739 2564 835 2633 Vero,
1003 2613 1004 2617 ,

85 2639 88 2645 “
133 2634 284 2752 quamque
298 2633 431 2712 pudenda
446 2649 500 2697 tua
521 2636 602 2713 super
616 2638 673 2699 hoc
690 2637 823 2697 sententia
838 2635 951 2695 mentis.
1011 2670 1013 2674 -

135 2710 243 2769 leriam
263 2711 338 2770 esto:
358 2715 541 2790 nequeenim
558 2714 631 2785 hoc,
652 2714 671 2772 sr
686 2713 767 2783 dem,
787 2724 835 2769 tua
848 2708 918 2770 diua
926 2712 1046 2786 juvabit

82 2799 127 2845 εις
137 2780 250 2843 Scilicet
268 2785 301 2846 ad
320 2804 448 2859 centrum
463 2809 525 2867 quae
539 2789 613 2849 linea
629 2789 719 2850 tendit
731 2791 766 2847 ab
782 2787 856 2856 oria,

72 2866 74 2872 '
136 2860 224 2917 Retia
241 2863 318 2920 venit
329 2865 462 2926 breviore
482 2869 544 2925 via:
564 2867 583 2926 fi
599 2881 674 2928 torta
694 2865 823 2935 veniret,

137 2933 255 2993 Prorsus
274 2937 417 3001 aberraret
432 2931 548 3002 centro.¹
562 2942 592 3002 st
605 2941 725 3019 proinde
744 2938 877 3001 cadentes

137 3009 284 3083 Tempore
300 3012 334 3070 ab
349 3029 471 3088 eterno,
495 3036 604 3093 perque
624 3017 731 3077 infinita
748 3020 886 3084 locorum·

136 3085 278 3156 Defleues
291 3087 434 3171 Arduos,
455 3095 537 3166 artus
552 3093 716 3178 describere
728 3094 881 3236 {lordum
979 3155 1057 3216 Q
