2144 3502
102 126 172 198 μ·
266 118 850 187 auri-tucaucrus.

137 250 210 311 Sab
229 250 279 311 ulli
293 251 325 311 stt
338 251 514 327 Spatium&
536 252 721 314 distinetumd
740 269 877 330 corpore,
899 250 1003 331 dices,

100 328 210 402 Regula
226 327 360 387 mensura
374 326 452 382 nulla
471 327 524 391 elit
548 345 643 404 neque
658 334 787 406 corporis
804 346 929 405 uuquam

100 403 259 463 indubitata
271 403 365 480 potest
379 401 471 462 moles
485 403 602 478 alicujus
622 406 738 467 haberi:

51 481 152 550 nolit,
175 480 191 539 si
207 497 307 538 revera
323 477 410 537 lixum
430 491 516 553 atquc
535 481 682 540 immobile
699 498 758 541 non
777 482 833 555 est,

101 556 251 632 Exemplar
268 570 343 612 vera
355 554 412 625 jam
432 555 528 616 delicit
546 574 633 617 omne
652 559 773 631 quietis,

57 664 59 669 ·
148 633 222 690 icum
237 628 357 688 collatus
371 643 457 704 queat
470 633 648 695 innotescere
662 648 768 694 motus.

131 708 186 764 ulla
206 707 266 780 capi
281 706 388 778 poterit
407 702 535 767 distantia
556 725 631 769 certa
647 710 793 768 locorum:

99 783 290 840 Mutabuntur
304 782 380 840 enim
393 779 515 857 semper3
536 802 589 846 nec
604 787 739 846 terminus
753 784 801 842 ille
818 822 821 829 -
856 814 859 821 ·
883 820 885 825 -

51 858 125 921 rassl
144 871 205 931 quo
223 855 368 915 discedunt
379 872 441 931 quae
455 878 577 937 corpora
594 878 706 935 cunque
720 868 887 931 moventur,

99 931 188 991 Certo
207 932 370 1007 apparebit,
391 934 480 994 veluti
500 953 556 996 nec
570 939 706 996 terminus
725 937 795 994 alter

96 1006 143 1065 A'd
160 1024 245 1081 quem
261 1009 441 1082 perveniunt.
460 1012 493 1071 ld
508 1013 684 1072 ineluctabile
702 1011 802 1082 ducis,

97 1081 126 1139 Ο
139 1083 258 1163 Quinti,-
278 1099 383 1143 vanum
397 1096 491 1145 tamen
506 1087 562 1157 est,
580 1086 733 1164 paucisque
746 1086 882 1146 refellam.

98 1157 274 1233 Corporibus
288 1160 393 1218 cunella
408 1172 439 1219 tu
450 1176 555 1221 certam
569 1163 726 1222 adscribere
736 1166 848 1235 ,molem

51 1252 90 1291 rao
97 1234 235 1294 Teutates
250 1234 360 1295 frustra.-
380 1235 450 1314 Quoe
463 1238 548 1297 uobis
559 1255 647 1312 parva
660 1239 807 1313 videntur,
896 1238 905 1251 ‘

97 1309 240 1370 Conuexo
254 1309 407 1383 trmspesta
425 1311 509 1369 vitro.
519 1315 626 1385 majora
639 1315 803 1390 patescunt3
880 1338 883 1343 ·

95 1385 159 1445 Visa
173 1385 369 1460 Microscoplo
384 1385 512 1447 crescunt
530 1390 688 1468 iterumque
702 1393 881 1469 iterumquee

93 1463 183 1522 Linea
197 1460 431 1540 tit-digitumei
448 1480 518 1538 pes,
536 1481 623 1544 prout
643 1469 714 1527 vitra
733 1467 869 1526 secantur.

94 1539 190 1599 Unum
206 1541 291 1601 etiam
306 1539 334 1595 in
355 1537 440 1597 coelo
453 1539 527 1600 fidus
540 1542 662 1618 persaepe
676 1542 774 1601 videre
793 1542 849 1611 est,

52 1608 180 1703 lasQuod
196 1612 369 1689 'Pelescopio
389 1612 494 1690 duplex
514 1621 672 1695 reperitur:
691 1617 818 1677 &ambo

92 1689 190 1751 Sidera
204 1691 337 1751 catuleas
347 1687 480 1752 :distinete
497 1693 622 1770 segregat
634 1694 731 1752 ether.

87 1765 248 1829 Miscuerat
258 1763 361 1828 Stellas
374 1764 502 1841 distantia
513 1776 622 1843 'corpus
644 1770 672 1827 in
687 1785 791 1841 uuum,

91 1840 255 1905 Miscuerat,
262 1841 366 1918 pariter
385 1841 514 1915 spatium.
533 1843 694 1918 Prospetius
707 1857 739 1904 ut
752 1863 853 1908 ornnes

91 1917 245 1979 contrahit
257 1917 305 1978 effi
326 1917 367 1976 ies
382 1933 474 1975 rerum
487 1929 537 1975 aut
556 1920 702 1994 producit,
724 1921 828 1985 eodem

54 1992 220 2055 40Ornoino
234 1994 290 2051 ritu
306 1936 385 2078 spatii
402 1989 575 2052 fimulachra
594 1997 672 2074 Quid
684 1999 753 2074 ergb

88 2070 253 2129 Mensuram
268 2068 368 2143 Spatro
380 2078 470 2124 tentas
491 2068 648 2132 adscribere
667 2088 787 2144 certam,

87 2145 158 2223 Quae
180 2161 234 2207 nec
251 2140 384 2205 Materia
398 2140 464 2199 'esti
484 2145 702 2210 Metirisenlile
722 2167 828 2226 corpus

85 2219 140 2278 Per
157 2218 288 2294 spatium,
308 2213 408 2277 res-est
428 2217 518 2278 insulsi
538 2221 622 2294 plena
638 2224 751 2285 laboris.
820 2246 823 2251 ·

86 2296 144 2375 Qui
158 2310 289 2369 magnum
305 2295 336 2353 io
351 2288 414 2354 sese
427 2309 475 2354 aut
489 2312 608 2370 parvum
641 2302 791 2371 uafiverlt,
811 2307 903 2362 errata

53 2378 80 2422 45
89 2369 217 2439 luveniat
226 2365 308 2430 eertb
321 2381 477 2439 potquam,
502 2371 552 2429 nist
565 2317 766 2436 codiciacum
857 2388 863 2397 ’

85 2445 157 2503 Cum
173 2441 262 2518 spatio
283 2439 414 2516 spatium,
434 2463 537 2522 corpur
552 2466 615 2510 cum
629 2466 767 2524 corporet
788 2445 877 2516 majus

86 2522 171 2580 Tunc
184 2516 299 2585 demum
311 2527 397 2592 atque
411 2522 504 2581 minua
520 2524 632 2600 liquido
647 2527 774 2600 reperire
793 2522 899 2589 licebit.-
1014 2589 1016 2594 ,

84 2594 171 2655 Haud
184 2595 266 2654 aliter
281 2591 350 2652 varii
368 2608 420 2667 per
436 2600 550 2657 concita
563 2617 687 2676 corpora
702 2610 801 2659 motus

85 2673 127 2731 Ut
139 2669 350 2748 dignoscuntur,
361 2669 446 2737 mulli
461 2675 572 2733 ratione
585 2674 695 2734 necesse
709 2677 749 2734 est
849 2686 856 2695 ‘

53 2747 167 2806 relaxas
182 2749 211 2805 in
231 2741 346 2805 Mundo
365 2739 517 2809 &stabiles
532 2750 683 2810 consrstere
698 2763 807 2823 metas;

85 2822 125 2882 At
146 2820 209 2879 satis
224 2819 265 2878 est
278 2820 349 2893 porri
369 2819 427 2880 soli
440 2823 470 2881 vi
483 2825 604 2894 mentis,
623 2825 650 2884 dc
667 2827 713 2885 illa
765 2869 772 2887 .

83 2898 157 2958 Nota
170 2908 280 2954 mutare
293 2894 389 2955 locum
411 2899 484 2959 iuter
498 2900 544 2969 st,
564 2917 626 2974 quae
645 2903 775 2978 proxima
795 2905 900 2968 circium

83 2972 248 3038 Versanturt
269 2970 336 3033 licet
351 2973 407 3049 ipsu
422 2973 517 3034 locum
530 2975 608 3036 simul
627 2980 723 3039 omnia
743 2994 860 3048 mutent.

83 3047 219 3113 ambula
230 3049 263 3111 iu
278 3049 345 3111 navi
363 3051 483 3132 puppim
500 3070 673 3136 proramque
685 3054 800 3125 uicissim

897 3136 994 3200 Nauta
