2144 3502
39 119 96 184 280
206 115 785 185 anm-tucantur&

40 253 108 312 Hoc
127 248 212 308 etiam
226 251 343 311 uberiirs
355 250 459 324 campis
474 247 635 311 adolescere
649 250 765 321 melles,

45 328 83 384 Et
96 339 179 401 caput
194 329 288 385 ornari
305 326 428 389 Cereris;
444 324 615 384 marcescere
630 345 735 403 porro,

7 401 120 461 mcum
139 403 242 477 premit
254 402 343 460 otium
358 402 432 460 iners
447 399 531 458 soetus
544 403 573 460 in
589 403 671 478 stirpe
685 404 820 474 latentes,

45 480 83 538 Et
96 479 135 537 nil
155 479 287 538 sufficitur
300 475 389 533 fundo
404 493 438 534 ex
454 487 601 549 torpente,
624 480 702 554 quod
721 481 786 538 illos

44 557 124 613 intus
140 554 285 620 sollicitet,
303 552 471 626 iubeatque,
494 553 660 628 abrumpere
673 556 811 617 somnum.

47 631 136 689 Unde
150 631 227 704 gravi
245 627 304 684 leto
319 625 422 684 dantur
440 625 594 699 primordia
608 631 687 694 vitae3

47 706 275 782 Neglettumque
287 703 359 775 perit
371 719 476 776 genus,
498 703 603 761 infinita
621 703 750 762 daturum

7 775 290 856 t7⁶Argumenta·sul,
310 790 388 835 terra
408 778 427 836 fi
446 777 540 839 divitis
559 778 625 838 ellet

47 858 196 925 illecebras
210 849 307 911 faciles
328 855 459 924 nattum,
479 854 680 932 amplexusque
696 854 846 926 benignos.
924 857 928 865 '

85 1003 187 1066 Enni)
208 1021 275 1080 age,
295 1008 492 1082 Naturamque
506 1009 589 1078 juva:
608 1014 729 1081 namque
749 1014 807 1061 arte
818 1005 913 1074 iuvari

48 1085 115 1142 Non
129 1080 312 1156 dedignatum
332 1083 399 1158 quin
415 1085 489 1142 ultro
510 1085 625 1142 brachia
640 1081 731 1141 tendit

50 1157 193 1226 Conanti,
213 1158 373 1234 gaudetque
388 1159 448 1218 suas
463 1157 611 1219 ostendere
624 1161 707 1218 vires.

7 1231 182 1306 utcumque
197 1233 314 1304 serenda
334 1235 384 1293 tibi
404 1237 520 1294 venient
543 1235 699 1305 frumenta,
719 1243 863 1292 memento

49 1309 127 1368 Ante
143 1308 203 1367 dies
220 1310 329 1384 aliquot
347 1310 482 1369 medicati
501 1309 660 1386 inspergere
678 1311 805 1387 lymphis

46 1385 141 1464 Quam
155 1385 236 1443 lituus
250 1384 277 1443 dt
291 1387 415 1456 cineres,
438 1388 604 1460 levibusque
620 1388 736 1445 volatile
755 1387 858 1444 nitrum

47 1460 196 1536 implerint
212 1458 326 1518 salibus:
348 1473 405 1518 turn
420 1462 534 1534 granula
548 1479 666 1534 quaeque
680 1463 790 1520 videbis

52 1537 231 1606 observans,
252 1536 301 1594 etsi
316 1533 430 1592 modico
443 1536 494 1592 fint
508 1536 612 1594 credita
630 1535 737 1605 fundo,

7 1613 83 1674 stein
99 1623 154 1668 tarn
170 1611 339 1682 multiplices
359 1609 444 1667 divisa
459 1611 601 1683 resurgere
618 1623 727 1682 partus,

51 1691 92 1745 Ut
111 1685 229 1757 stupeas.
256 1685 370 1742 Etenim
391 1687 433 1743 bis
451 1685 537 1744 millia
552 1695 651 1758 terque
666 1684 841 1758 quaterque,

48 1762 162 1838 (Tanta
179 1758 238 1815 salis
255 1759 363 1837 virtus)
384 1779 471 1835 grano
490 1760 653 1818 exorientur
668 1761 703 1817 ab
722 1776 796 1817 uno:

49 1839 89 1897 Et
101 1834 248 1891 numerosa
267 1835 390 1909 phalanx
409 1837 596 1905 calamorum,
617 1837 728 1894 viminis
743 1833 825 1893 instar

52 1911 105 1969 Cui
121 1924 204 1985 caput
216 1911 358 1971 abscissum
371 1914 427 1984 jam
449 1925 527 1987 parte
541 1911 689 1986 repullulat
704 1912 802 1982 omni,
860 1984 863 1989 ¹

7 1986 235 2063 arrEapanderur
250 1987 354 2058 humo,
375 1989 403 2048 dt
421 1987 478 2049 late
492 1987 671 2050 circumferet
690 1992 828 2048 umbram.
924 2004 928 2010 ·

88 2141 143 2202 lis
160 2156 255 2215 neque
273 2140 310 2200 sal
325 2143 391 2200 nitri
408 2142 483 2215 potis
498 2139 537 2198 eii
552 2139 686 2215 effingere
703 2141 806 2204 frustis

51 2217 212 2285 Triticeos‚
235 2234 268 2278 ac
282 2217 363 2292 prole
379 2221 455 2276 novi
469 2216 558 2275 ditare
572 2216 727 2279 serentems

51 2295 117 2352 Nee
133 2290 234 2350 molles
253 2292 449 2368 zephyrorum
463 2292 582 2357 animae3
602 2309 655 2356 nec
668 2294 781 2352 mobilis
797 2293 863 2359 adra

54 2368 117 2426 Nee
134 2364 228 2426 radius
243 2368 317 2426 clari
331 2367 423 2426 anisius
438 2368 548 2428 Titanis
564 2368 599 2424 al>
613 2385 692 2433 arce;

7 2446 119 2509 tunice
133 2441 199 2517 iapli
214 2443 316 2502 nimbis
332 2443 445 2510 laticem
465 2460 519 2505 nec
533 2442 658 2501 roscidus
673 2443 788 2506 hurnor;

52 2525 116 2581 Nec
132 2517 202 2585 vero
223 2519 315 2577 natale
334 2519 432 2583 solum.
459 2521 534 2578 Nam
554 2517 659 2594 semper
674 2516 778 2574 eedem

50 2599 123 2657 Sunt
138 2595 242 2665 causa,
258 2595 467 2669 ¹vegetabilibus
485 2591 643 2651 discrimine
657 2590 736 2650 nullo

50 2675 123 2814 guae
137 2671 243 2730 cundiis
258 2670 373 2743 adsunt,
396 2671 537 2745 pollentes
555 2665 651 2724 indole
673 2665 785 2735 eadem,

85 2748 168 2811 ullius
183 2747 317 2824 propriae,
339 2761 502 2806 communes
524 2742 654 2800 omnibus
671 2741 766 2813 eque:

7 2824 191 2902 qeruamvis
206 2831 396 2897 promoveant
410 2819 534 2883 diversus
548 2815 673 2890 undique
688 2817 790 2887 fretus,

53 2903 109 2960 Pro
123 2898 198 2953 varia
210 2915 322 2969 rerum,
343 2898 445 2970 quibus
460 2892 628 2953 araxiliantur
641 2890 667 2948 dt
680 2891 793 2965 adsunt,

52 2970 227 3031 Conditione
246 2991 279 3032 ac
293 2975 399 3032 na'turi.
427 2970 473 3031 Sic
491 2984 593 3041 nempe
610 2966 731 3027 salubres
764 2995 767 3003 ·

52 3047 150 3135 insilui
165 3047 319 3116 mortiferis
334 3046 442 3117 adnasci
457 3044 596 3115 ceruimus
611 3043 727 3116 herbas.
835 3126 900 3191 Dm

550 3167 552 3173 .
902 3144 960 3194 ω.
