<?xml version="1.0" encoding="UTF-8"?>
<!DOCTYPE html PUBLIC "-//W3C//DTD XHTML 1.0 Transitional//EN"
    "http://www.w3.org/TR/xhtml1/DTD/xhtml1-transitional.dtd">
<html xmlns="http://www.w3.org/1999/xhtml" xml:lang="en" lang="en">
 <head>
  <title>
</title>
<meta http-equiv="Content-Type" content="text/html;charset=utf-8" />
  <meta name='ocr-system' content='tesseract 3.04.00' />
  <meta name='ocr-capabilities' content='ocr_page ocr_carea ocr_par ocr_line ocrx_word'/>
</head>
<body>
  <div class='ocr_page' id='page_1' title='image "./antilucretiussi00poligoog_0217.png"; bbox 0 0 2144 3502; ppageno 0'>
   <div class='ocr_carea' id='block_1_1' title="bbox 287 121 1047 239">
    <p class='ocr_par' dir='ltr' id='par_1_1' title="bbox 287 121 1047 239">
     <span class='ocr_line' id='line_1_1' title="bbox 287 121 1047 239; baseline -0.005 -17"><span class='ocrx_word' id='word_1_1' title='bbox 287 157 509 223; x_wconf 79' lang='lat' dir='ltr'><strong>urana</strong></span> <span class='ocrx_word' id='word_1_2' title='bbox 564 157 904 239; x_wconf 63' lang='lat' dir='ltr'><strong>bernaus.</strong></span> <span class='ocrx_word' id='word_1_3' title='bbox 990 121 1047 230; x_wconf 64' lang='lat' dir='ltr'><strong>ns&#39;</strong></span> 
     </span>
    </p>
   </div>
   <div class='ocr_carea' id='block_1_2' title="bbox 71 289 942 883">
    <p class='ocr_par' dir='ltr' id='par_1_2' title="bbox 71 289 942 883">
     <span class='ocr_line' id='line_1_2' title="bbox 135 289 876 372; baseline -0.011 -16"><span class='ocrx_word' id='word_1_4' title='bbox 135 293 262 372; x_wconf 81' lang='lat' dir='ltr'><strong>Ingenii,</strong></span> <span class='ocrx_word' id='word_1_5' title='bbox 281 306 341 351; x_wconf 91' lang='lat' dir='ltr'><strong>non</strong></span> <span class='ocrx_word' id='word_1_6' title='bbox 355 289 505 366; x_wconf 83' lang='lat' dir='ltr'><strong>assequitur</strong></span> <span class='ocrx_word' id='word_1_7' title='bbox 517 305 693 366; x_wconf 75' lang='lat' dir='ltr'><strong>quecunque</strong></span> <span class='ocrx_word' id='word_1_8' title='bbox 707 307 759 367; x_wconf 91' lang='lat' dir='ltr'><strong>per</strong></span> <span class='ocrx_word' id='word_1_9' title='bbox 775 304 876 350; x_wconf 85' lang='lat' dir='ltr'><strong>omnea</strong></span> 
     </span>
     <span class='ocr_line' id='line_1_3' title="bbox 136 364 778 443; baseline -0.012 -11"><span class='ocrx_word' id='word_1_10' title='bbox 136 365 267 432; x_wconf 79' lang='lat' dir='ltr'><strong>Materia</strong></span> <span class='ocrx_word' id='word_1_11' title='bbox 280 364 409 426; x_wconf 85' lang='lat' dir='ltr'><strong>nexus&amp;</strong></span> <span class='ocrx_word' id='word_1_12' title='bbox 427 368 540 427; x_wconf 83' lang='lat' dir='ltr'><strong>vincula</strong></span> <span class='ocrx_word' id='word_1_13' title='bbox 559 367 778 443; x_wconf 86' lang='lat' dir='ltr'><strong>particularum,</strong></span> 
     </span>
     <span class='ocr_line' id='line_1_4' title="bbox 138 441 801 520; baseline -0.009 -14"><span class='ocrx_word' id='word_1_14' title='bbox 138 445 265 506; x_wconf 82' lang='lat' dir='ltr'><strong>confieri</strong></span> <span class='ocrx_word' id='word_1_15' title='bbox 284 443 409 519; x_wconf 83' lang='lat' dir='ltr'><strong>possunt:</strong></span> <span class='ocrx_word' id='word_1_16' title='bbox 428 444 557 520; x_wconf 86' lang='lat' dir='ltr'><strong>quarela</strong></span> <span class='ocrx_word' id='word_1_17' title='bbox 575 443 696 518; x_wconf 85' lang='lat' dir='ltr'><strong>caligine</strong></span> <span class='ocrx_word' id='word_1_18' title='bbox 717 441 801 505; x_wconf 83' lang='lat' dir='ltr'><strong>densi</strong></span> 
     </span>
     <span class='ocr_line' id='line_1_5' title="bbox 71 515 935 596; baseline -0.001 -20"><span class='ocrx_word' id='word_1_19' title='bbox 71 523 128 576; x_wconf 80' lang='lat'><strong>¹1⁴⁵</strong></span> <span class='ocrx_word' id='word_1_20' title='bbox 139 519 338 595; x_wconf 72' lang='lat' dir='ltr'><strong>Progredietur</strong></span> <span class='ocrx_word' id='word_1_21' title='bbox 353 518 438 596; x_wconf 82' lang='lat' dir='ltr'><strong>sape,</strong></span> <span class='ocrx_word' id='word_1_22' title='bbox 457 538 490 581; x_wconf 90' lang='lat' dir='ltr'><strong>ac</strong></span> <span class='ocrx_word' id='word_1_23' title='bbox 510 519 599 578; x_wconf 86' lang='lat' dir='ltr'><strong>veluti</strong></span> <span class='ocrx_word' id='word_1_24' title='bbox 622 521 764 578; x_wconf 55' lang='lat' dir='ltr'><strong>niibanrur¹</strong></span> <span class='ocrx_word' id='word_1_25' title='bbox 777 518 805 575; x_wconf 91' lang='lat' dir='ltr'><strong>in</strong></span> <span class='ocrx_word' id='word_1_26' title='bbox 819 515 935 575; x_wconf 82' lang='lat' dir='ltr'><strong>umbris.</strong></span> 
     </span>
     <span class='ocr_line' id='line_1_6' title="bbox 88 593 896 672; baseline -0.009 -14"><span class='ocrx_word' id='word_1_27' title='bbox 88 643 90 646; x_wconf 85' lang='lat'>-</span> <span class='ocrx_word' id='word_1_28' title='bbox 137 602 177 658; x_wconf 82' lang='lat' dir='ltr'><strong>At</strong></span> <span class='ocrx_word' id='word_1_29' title='bbox 196 595 231 665; x_wconf 87' lang='lat' dir='ltr'><strong>sr,</strong></span> <span class='ocrx_word' id='word_1_30' title='bbox 253 597 353 672; x_wconf 86' lang='lat' dir='ltr'><strong>cuique</strong></span> <span class='ocrx_word' id='word_1_31' title='bbox 368 597 410 655; x_wconf 90' lang='lat' dir='ltr'><strong>rei</strong></span> <span class='ocrx_word' id='word_1_32' title='bbox 422 612 484 671; x_wconf 83' lang='lat' dir='ltr'><strong>quae</strong></span> <span class='ocrx_word' id='word_1_33' title='bbox 501 593 584 654; x_wconf 88' lang='lat' dir='ltr'><strong>dotes</strong></span> <span class='ocrx_word' id='word_1_34' title='bbox 602 593 730 655; x_wconf 83' lang='lat' dir='ltr'><strong>funditus</strong></span> <span class='ocrx_word' id='word_1_35' title='bbox 746 594 856 662; x_wconf 88' lang='lat' dir='ltr'><strong>insunt,</strong></span> <span class='ocrx_word' id='word_1_36' title='bbox 892 605 896 640; x_wconf 74' lang='lat'><em>¹</em></span> 
     </span>
     <span class='ocr_line' id='line_1_7' title="bbox 136 667 937 749; baseline -0.01 -15"><span class='ocrx_word' id='word_1_37' title='bbox 136 670 222 734; x_wconf 87' lang='lat' dir='ltr'>Haud</span> <span class='ocrx_word' id='word_1_38' title='bbox 241 672 337 731; x_wconf 82' lang='lat' dir='ltr'><strong>seimus</strong></span> <span class='ocrx_word' id='word_1_39' title='bbox 356 671 539 749; x_wconf 86' lang='lat' dir='ltr'><strong>plerumque,</strong></span> <span class='ocrx_word' id='word_1_40' title='bbox 563 670 632 728; x_wconf 89' lang='lat' dir='ltr'><strong>licet</strong></span> <span class='ocrx_word' id='word_1_41' title='bbox 649 672 822 748; x_wconf 81' lang='lat' dir='ltr'>cognoscere</span> <span class='ocrx_word' id='word_1_42' title='bbox 841 667 937 728; x_wconf 87' lang='lat' dir='ltr'><strong>saltem</strong></span> 
     </span>
     <span class='ocr_line' id='line_1_8' title="bbox 137 745 942 883; baseline -0.009 -76"><span class='ocrx_word' id='word_1_43' title='bbox 137 749 227 883; x_wconf 55' lang='lat' dir='ltr'><strong>Xueis</strong></span> <span class='ocrx_word' id='word_1_44' title='bbox 241 762 342 809; x_wconf 87' lang='lat' dir='ltr'><strong>careat.</strong></span> <span class='ocrx_word' id='word_1_45' title='bbox 363 749 426 808; x_wconf 83' lang='lat' dir='ltr'><strong>Noa</strong></span> <span class='ocrx_word' id='word_1_46' title='bbox 443 745 519 807; x_wconf 78' lang='lat' dir='ltr'><strong>sone</strong></span> <span class='ocrx_word' id='word_1_47' title='bbox 534 745 624 805; x_wconf 84' lang='lat' dir='ltr'><strong>labent</strong></span> <span class='ocrx_word' id='word_1_48' title='bbox 637 747 791 821; x_wconf 84' lang='lat' dir='ltr'><strong>primordia</strong></span> <span class='ocrx_word' id='word_1_49' title='bbox 809 745 942 805; x_wconf 82' lang='lat' dir='ltr'><strong>flammae:</strong></span> 
     </span>
    </p>
   </div>
   <div class='ocr_carea' id='block_1_3' title="bbox 16 821 1045 1736">
    <p class='ocr_par' dir='ltr' id='par_1_3' title="bbox 165 821 846 900">
     <span class='ocr_line' id='line_1_9' title="bbox 165 821 846 900; baseline -0.004 -16"><span class='ocrx_word' id='word_1_50' title='bbox 165 825 187 884; x_wconf 90' lang='lat' dir='ltr'>st</span> <span class='ocrx_word' id='word_1_51' title='bbox 208 841 241 883; x_wconf 88' lang='lat' dir='ltr'><strong>ea</strong></span> <span class='ocrx_word' id='word_1_52' title='bbox 262 837 439 900; x_wconf 91' lang='lat' dir='ltr'><strong>compertum</strong></span> <span class='ocrx_word' id='word_1_53' title='bbox 460 825 500 881; x_wconf 86' lang='lat' dir='ltr'><strong>eli</strong></span> <span class='ocrx_word' id='word_1_54' title='bbox 519 821 616 896; x_wconf 86' lang='lat' dir='ltr'><strong>aqueis</strong></span> <span class='ocrx_word' id='word_1_55' title='bbox 632 823 732 883; x_wconf 86' lang='lat' dir='ltr'><strong>distare</strong></span> <span class='ocrx_word' id='word_1_56' title='bbox 744 823 846 898; x_wconf 63' lang='lat' dir='ltr'><strong>figura</strong></span> 
     </span>
    </p>

    <p class='ocr_par' dir='ltr' id='par_1_4' title="bbox 16 898 1045 1264">
     <span class='ocr_line' id='line_1_10' title="bbox 16 898 755 977; baseline -0.008 -16"><span class='ocrx_word' id='word_1_57' title='bbox 16 916 19 920; x_wconf 74' lang='grc'><strong>’</strong></span> <span class='ocrx_word' id='word_1_58' title='bbox 74 903 225 977; x_wconf 66' lang='lat' dir='ltr'><strong>”solaque</strong></span> <span class='ocrx_word' id='word_1_59' title='bbox 245 901 394 977; x_wconf 84' lang='lat' dir='ltr'><strong>figurarum</strong></span> <span class='ocrx_word' id='word_1_60' title='bbox 418 899 479 959; x_wconf 88' lang='lat' dir='ltr'><strong>solo</strong></span> <span class='ocrx_word' id='word_1_61' title='bbox 494 898 653 958; x_wconf 85' lang='lat' dir='ltr'><strong>discrimine</strong></span> <span class='ocrx_word' id='word_1_62' title='bbox 670 898 755 973; x_wconf 86' lang='lat' dir='ltr'><strong>poni,</strong></span> 
     </span>
     <span class='ocr_line' id='line_1_11' title="bbox 137 970 1045 1058; baseline -0.002 -23"><span class='ocrx_word' id='word_1_63' title='bbox 137 977 282 1058; x_wconf 85' lang='lat' dir='ltr'><strong>Quidquid</strong></span> <span class='ocrx_word' id='word_1_64' title='bbox 295 994 375 1052; x_wconf 81' lang='lat' dir='ltr'><strong>aquae</strong></span> <span class='ocrx_word' id='word_1_65' title='bbox 388 990 436 1034; x_wconf 91' lang='lat' dir='ltr'><strong>aut</strong></span> <span class='ocrx_word' id='word_1_66' title='bbox 449 977 520 1050; x_wconf 85' lang='lat' dir='ltr'><strong>ignis</strong></span> <span class='ocrx_word' id='word_1_67' title='bbox 536 973 682 1051; x_wconf 87' lang='lat' dir='ltr'><strong>proprium</strong></span> <span class='ocrx_word' id='word_1_68' title='bbox 696 970 745 1032; x_wconf 87' lang='lat' dir='ltr'><strong>est.</strong></span> <span class='ocrx_word' id='word_1_69' title='bbox 765 971 1045 1035; x_wconf 84' lang='lat' dir='ltr'><strong>Miraculanondum</strong></span> 
     </span>
     <span class='ocr_line' id='line_1_12' title="bbox 136 1049 926 1183; baseline -0.004 -69"><span class='ocrx_word' id='word_1_70' title='bbox 136 1057 238 1114; x_wconf 80' lang='lat' dir='ltr'><strong>(lmrria</strong></span> <span class='ocrx_word' id='word_1_71' title='bbox 251 1055 395 1128; x_wconf 83' lang='lat' dir='ltr'><strong>Magnetis</strong></span> <span class='ocrx_word' id='word_1_72' title='bbox 406 1051 616 1183; x_wconf 55' lang='lat' dir='ltr'><strong>perspeximus:</strong></span> <span class='ocrx_word' id='word_1_73' title='bbox 638 1049 749 1108; x_wconf 85' lang='lat' dir='ltr'><strong>etmihi</strong></span> <span class='ocrx_word' id='word_1_74' title='bbox 763 1064 871 1109; x_wconf 87' lang='lat' dir='ltr'><strong>certum</strong></span> <span class='ocrx_word' id='word_1_75' title='bbox 886 1050 926 1112; x_wconf 88' lang='lat' dir='ltr'><strong>est</strong></span> 
     </span>
     <span class='ocr_line' id='line_1_13' title="bbox 133 1124 905 1206; baseline -0.003 -17"><span class='ocrx_word' id='word_1_76' title='bbox 133 1128 302 1206; x_wconf 86' lang='lat' dir='ltr'><strong>Magnetem</strong></span> <span class='ocrx_word' id='word_1_77' title='bbox 315 1142 375 1184; x_wconf 91' lang='lat' dir='ltr'><strong>non</strong></span> <span class='ocrx_word' id='word_1_78' title='bbox 388 1142 405 1183; x_wconf 90' lang='lat' dir='ltr'><strong>e</strong></span> <span class='ocrx_word' id='word_1_79' title='bbox 427 1142 444 1181; x_wconf 88' lang='lat' dir='ltr'><strong>e</strong></span> <span class='ocrx_word' id='word_1_80' title='bbox 464 1127 581 1194; x_wconf 66' lang='lat' dir='ltr'><strong>animab</strong></span> <span class='ocrx_word' id='word_1_81' title='bbox 601 1142 655 1185; x_wconf 83' lang='lat' dir='ltr'><strong>nec</strong></span> <span class='ocrx_word' id='word_1_82' title='bbox 667 1124 776 1184; x_wconf 71' lang='lat' dir='ltr'><strong>amoris·</strong></span> <span class='ocrx_word' id='word_1_83' title='bbox 788 1127 824 1184; x_wconf 87' lang='lat' dir='ltr'><strong>ab</strong></span> <span class='ocrx_word' id='word_1_84' title='bbox 840 1125 905 1187; x_wconf 84' lang='lat' dir='ltr'><strong>aestu</strong></span> 
     </span>
     <span class='ocr_line' id='line_1_14' title="bbox 135 1200 809 1264; baseline -0.006 0"><span class='ocrx_word' id='word_1_85' title='bbox 135 1207 264 1264; x_wconf 77' lang='lat' dir='ltr'><strong>Ferratus</strong></span> <span class='ocrx_word' id='word_1_86' title='bbox 284 1200 396 1260; x_wconf 83' lang='lat' dir='ltr'><strong>trahere</strong></span> <span class='ocrx_word' id='word_1_87' title='bbox 409 1216 441 1258; x_wconf 88' lang='lat' dir='ltr'><strong>ac</strong></span> <span class='ocrx_word' id='word_1_88' title='bbox 456 1201 547 1264; x_wconf 82' lang='lat' dir='ltr'><strong>seeum</strong></span> <span class='ocrx_word' id='word_1_89' title='bbox 560 1203 669 1260; x_wconf 88' lang='lat' dir='ltr'><strong>vincire</strong></span> <span class='ocrx_word' id='word_1_90' title='bbox 686 1214 809 1261; x_wconf 84' lang='lat' dir='ltr'><strong>catenas.</strong></span> 
     </span>
    </p>

    <p class='ocr_par' dir='ltr' id='par_1_5' title="bbox 72 1275 893 1662">
     <span class='ocr_line' id='line_1_15' title="bbox 72 1275 763 1339; baseline 0 -3"><span class='ocrx_word' id='word_1_91' title='bbox 72 1292 126 1336; x_wconf 79' lang='lat'><em>1¹55</em></span> <span class='ocrx_word' id='word_1_92' title='bbox 137 1282 194 1336; x_wconf 88' lang='lat' dir='ltr'><strong>Cur</strong></span> <span class='ocrx_word' id='word_1_93' title='bbox 214 1277 242 1333; x_wconf 81' lang='lat' dir='ltr'><strong>br</strong></span> <span class='ocrx_word' id='word_1_94' title='bbox 260 1276 365 1334; x_wconf 71' lang='lat' dir='ltr'><strong>Arbion</strong></span> <span class='ocrx_word' id='word_1_95' title='bbox 381 1275 505 1338; x_wconf 88' lang='lat' dir='ltr'><strong>declinet</strong></span> <span class='ocrx_word' id='word_1_96' title='bbox 524 1276 639 1339; x_wconf 89' lang='lat' dir='ltr'><strong>cardine</strong></span> <span class='ocrx_word' id='word_1_97' title='bbox 656 1276 763 1338; x_wconf 82' lang='lat' dir='ltr'><strong>Mundi</strong></span> 
     </span>
     <span class='ocr_line' id='line_1_16' title="bbox 136 1348 893 1422; baseline 0.005 -14"><span class='ocrx_word' id='word_1_98' title='bbox 136 1353 211 1414; x_wconf 84' lang='lat' dir='ltr'><strong>solis</strong></span> <span class='ocrx_word' id='word_1_99' title='bbox 227 1348 262 1409; x_wconf 89' lang='lat' dir='ltr'><strong>ad</strong></span> <span class='ocrx_word' id='word_1_100' title='bbox 274 1348 427 1422; x_wconf 74' lang='lat' dir='ltr'><strong>becasum,</strong></span> <span class='ocrx_word' id='word_1_101' title='bbox 447 1370 514 1415; x_wconf 86' lang='lat' dir='ltr'><strong>rnox</strong></span> <span class='ocrx_word' id='word_1_102' title='bbox 530 1356 556 1416; x_wconf 72' lang='lat' dir='ltr'><strong>dr</strong></span> <span class='ocrx_word' id='word_1_103' title='bbox 573 1354 726 1415; x_wconf 85' lang='lat' dir='ltr'><strong>conversus</strong></span> <span class='ocrx_word' id='word_1_104' title='bbox 741 1350 776 1410; x_wconf 86' lang='lat' dir='ltr'><strong>ad</strong></span> <span class='ocrx_word' id='word_1_105' title='bbox 798 1362 893 1412; x_wconf 85' lang='lat' dir='ltr'><strong>ortum</strong></span> 
     </span>
     <span class='ocr_line' id='line_1_17' title="bbox 138 1425 868 1507; baseline -0.001 -20"><span class='ocrx_word' id='word_1_106' title='bbox 138 1425 294 1503; x_wconf 79' lang='lat' dir='ltr'><strong>Paulisper,</strong></span> <span class='ocrx_word' id='word_1_107' title='bbox 314 1444 360 1486; x_wconf 87' lang='lat' dir='ltr'><strong>res</strong></span> <span class='ocrx_word' id='word_1_108' title='bbox 378 1429 419 1486; x_wconf 84' lang='lat' dir='ltr'><strong>est</strong></span> <span class='ocrx_word' id='word_1_109' title='bbox 438 1430 590 1491; x_wconf 84' lang='lat' dir='ltr'><strong>etiamnum</strong></span> <span class='ocrx_word' id='word_1_110' title='bbox 605 1430 716 1507; x_wconf 75' lang='lat' dir='ltr'><strong>ignotaa</strong></span> <span class='ocrx_word' id='word_1_111' title='bbox 733 1428 781 1489; x_wconf 87' lang='lat' dir='ltr'><strong>sed</strong></span> <span class='ocrx_word' id='word_1_112' title='bbox 798 1427 868 1488; x_wconf 91' lang='lat' dir='ltr'><strong>illud</strong></span> 
     </span>
     <span class='ocr_line' id='line_1_18' title="bbox 136 1502 793 1580; baseline 0.002 -15"><span class='ocrx_word' id='word_1_113' title='bbox 136 1507 265 1565; x_wconf 79' lang='lat' dir='ltr'><strong>Materia</strong></span> <span class='ocrx_word' id='word_1_114' title='bbox 279 1502 385 1564; x_wconf 84' lang='lat' dir='ltr'><strong>subtilis</strong></span> <span class='ocrx_word' id='word_1_115' title='bbox 400 1521 472 1580; x_wconf 89' lang='lat' dir='ltr'><strong>opus</strong></span> <span class='ocrx_word' id='word_1_116' title='bbox 491 1519 557 1567; x_wconf 86' lang='lat' dir='ltr'><strong>toto</strong></span> <span class='ocrx_word' id='word_1_117' title='bbox 572 1505 650 1567; x_wconf 86' lang='lat' dir='ltr'>Orbe</span> <span class='ocrx_word' id='word_1_118' title='bbox 664 1507 793 1578; x_wconf 84' lang='lat' dir='ltr'><strong>fluentis,</strong></span> 
     </span>
     <span class='ocr_line' id='line_1_19' title="bbox 137 1581 884 1662; baseline 0.001 -21"><span class='ocrx_word' id='word_1_119' title='bbox 137 1582 175 1641; x_wconf 88' lang='lat' dir='ltr'><strong>Et</strong></span> <span class='ocrx_word' id='word_1_120' title='bbox 191 1597 249 1640; x_wconf 90' lang='lat' dir='ltr'><strong>non</strong></span> <span class='ocrx_word' id='word_1_121' title='bbox 264 1594 415 1641; x_wconf 86' lang='lat' dir='ltr'><strong>ventorum</strong></span> <span class='ocrx_word' id='word_1_122' title='bbox 437 1581 546 1643; x_wconf 84' lang='lat' dir='ltr'><strong>scimus.</strong></span> <span class='ocrx_word' id='word_1_123' title='bbox 565 1582 712 1662; x_wconf 83' lang='lat' dir='ltr'><strong>Quadrare</strong></span> <span class='ocrx_word' id='word_1_124' title='bbox 728 1581 884 1644; x_wconf 86' lang='lat' dir='ltr'><strong>rotundum</strong></span> 
     </span>
    </p>

    <p class='ocr_par' dir='ltr' id='par_1_6' title="bbox 72 1656 860 1736">
     <span class='ocr_line' id='line_1_20' title="bbox 72 1656 860 1736; baseline 0.003 -19"><span class='ocrx_word' id='word_1_125' title='bbox 72 1661 230 1718; x_wconf 77' lang='lat' dir='ltr'><strong>¹1⁶0Nem0</strong></span> <span class='ocrx_word' id='word_1_126' title='bbox 243 1657 352 1736; x_wconf 86' lang='lat' dir='ltr'><strong>potest:</strong></span> <span class='ocrx_word' id='word_1_127' title='bbox 372 1669 401 1716; x_wconf 89' lang='lat' dir='ltr'><strong>at</strong></span> <span class='ocrx_word' id='word_1_128' title='bbox 415 1660 580 1732; x_wconf 81' lang='lat' dir='ltr'><strong>quadratum</strong></span> <span class='ocrx_word' id='word_1_129' title='bbox 599 1656 715 1719; x_wconf 88' lang='lat' dir='ltr'><strong>differre</strong></span> <span class='ocrx_word' id='word_1_130' title='bbox 733 1659 860 1719; x_wconf 85' lang='lat' dir='ltr'><strong>rotundo</strong></span> 
     </span>
    </p>
   </div>
   <div class='ocr_carea' id='block_1_4' title="bbox 134 1733 911 1966">
    <p class='ocr_par' dir='ltr' id='par_1_7' title="bbox 134 1733 911 1966">
     <span class='ocr_line' id='line_1_21' title="bbox 134 1733 911 1812; baseline 0.001 -17"><span class='ocrx_word' id='word_1_131' title='bbox 134 1737 169 1796; x_wconf 91' lang='lat' dir='ltr'><strong>ld</strong></span> <span class='ocrx_word' id='word_1_132' title='bbox 184 1750 291 1795; x_wconf 86' lang='lat' dir='ltr'><strong>norunt</strong></span> <span class='ocrx_word' id='word_1_133' title='bbox 305 1749 421 1802; x_wconf 87' lang='lat' dir='ltr'><strong>omnes,</strong></span> <span class='ocrx_word' id='word_1_134' title='bbox 442 1733 569 1808; x_wconf 86' lang='lat' dir='ltr'><strong>quidque</strong></span> <span class='ocrx_word' id='word_1_135' title='bbox 584 1749 620 1793; x_wconf 84' lang='lat' dir='ltr'><strong>ex</strong></span> <span class='ocrx_word' id='word_1_136' title='bbox 634 1746 757 1809; x_wconf 80' lang='lat' dir='ltr'><strong>utroque</strong></span> <span class='ocrx_word' id='word_1_137' title='bbox 770 1736 911 1812; x_wconf 84' lang='lat' dir='ltr'><strong>sequatur.</strong></span> 
     </span>
     <span class='ocr_line' id='line_1_22' title="bbox 135 1809 768 1882; baseline -0.009 -9"><span class='ocrx_word' id='word_1_138' title='bbox 135 1814 181 1874; x_wconf 86' lang='lat' dir='ltr'><strong>Sic</strong></span> <span class='ocrx_word' id='word_1_139' title='bbox 193 1813 209 1871; x_wconf 80' lang='lat' dir='ltr'><strong>d</strong></span> <span class='ocrx_word' id='word_1_140' title='bbox 223 1812 347 1870; x_wconf 81' lang='lat' dir='ltr'><strong>Materii</strong></span> <span class='ocrx_word' id='word_1_141' title='bbox 363 1810 493 1866; x_wconf 81' lang='lat' dir='ltr'><strong>Mentem</strong></span> <span class='ocrx_word' id='word_1_142' title='bbox 514 1809 699 1882; x_wconf 70' lang='lat' dir='ltr'><strong>sejungimu35</strong></span> <span class='ocrx_word' id='word_1_143' title='bbox 719 1809 768 1868; x_wconf 84' lang='lat' dir='ltr'><strong>etsi</strong></span> 
     </span>
     <span class='ocr_line' id='line_1_23' title="bbox 135 1879 875 1966; baseline -0.001 -19"><span class='ocrx_word' id='word_1_144' title='bbox 135 1891 206 1947; x_wconf 93' lang='lat' dir='ltr'><strong>Non</strong></span> <span class='ocrx_word' id='word_1_145' title='bbox 225 1900 325 1944; x_wconf 89' lang='lat' dir='ltr'><strong>omnes</strong></span> <span class='ocrx_word' id='word_1_146' title='bbox 339 1879 449 1966; x_wconf 86' lang='lat' dir='ltr'><strong>liquidb</strong></span> <span class='ocrx_word' id='word_1_147' title='bbox 468 1883 543 1938; x_wconf 83' lang='lat' dir='ltr'><strong>vires</strong></span> <span class='ocrx_word' id='word_1_148' title='bbox 557 1885 704 1956; x_wconf 88' lang='lat' dir='ltr'><strong>utriusque</strong></span> <span class='ocrx_word' id='word_1_149' title='bbox 721 1884 875 1958; x_wconf 78' lang='lat' dir='ltr'><strong>patescant.</strong></span> 
     </span>
    </p>
   </div>
   <div class='ocr_carea' id='block_1_5' title="bbox 73 2028 1055 3101">
    <p class='ocr_par' dir='ltr' id='par_1_8' title="bbox 175 2028 985 2112">
     <span class='ocr_line' id='line_1_24' title="bbox 175 2028 985 2112; baseline 0.006 -19"><span class='ocrx_word' id='word_1_150' title='bbox 175 2035 298 2103; x_wconf 84' lang='lat' dir='ltr'><strong>Anus,</strong></span> <span class='ocrx_word' id='word_1_151' title='bbox 319 2028 396 2107; x_wconf 83' lang='lat' dir='ltr'><strong>qubd</strong></span> <span class='ocrx_word' id='word_1_152' title='bbox 410 2030 461 2091; x_wconf 85' lang='lat' dir='ltr'><strong>has</strong></span> <span class='ocrx_word' id='word_1_153' title='bbox 476 2029 561 2092; x_wconf 85' lang='lat' dir='ltr'><strong>etiam</strong></span> <span class='ocrx_word' id='word_1_154' title='bbox 574 2031 723 2094; x_wconf 88' lang='lat' dir='ltr'><strong>discrimen</strong></span> <span class='ocrx_word' id='word_1_155' title='bbox 738 2033 862 2110; x_wconf 74' lang='lat' dir='ltr'><strong>segregat</strong></span> <span class='ocrx_word' id='word_1_156' title='bbox 875 2037 985 2112; x_wconf 72' lang='lat' dir='ltr'><strong>ingenua</strong></span> 
     </span>
    </p>

    <p class='ocr_par' dir='ltr' id='par_1_9' title="bbox 74 2105 780 2176">
     <span class='ocr_line' id='line_1_25' title="bbox 74 2105 780 2176; baseline -0.004 -5"><span class='ocrx_word' id='word_1_157' title='bbox 74 2124 128 2176; x_wconf 82' lang='lat'><em>1165</em></span> <span class='ocrx_word' id='word_1_158' title='bbox 140 2111 276 2170; x_wconf 89' lang='lat' dir='ltr'><strong>Libertas.</strong></span> <span class='ocrx_word' id='word_1_159' title='bbox 295 2107 409 2169; x_wconf 84' lang='lat' dir='ltr'><strong>Etenim</strong></span> <span class='ocrx_word' id='word_1_160' title='bbox 425 2105 585 2170; x_wconf 86' lang='lat' dir='ltr'><strong>constantes</strong></span> <span class='ocrx_word' id='word_1_161' title='bbox 604 2110 700 2168; x_wconf 88' lang='lat' dir='ltr'><strong>ournia</strong></span> <span class='ocrx_word' id='word_1_162' title='bbox 713 2108 780 2168; x_wconf 88' lang='lat' dir='ltr'><strong>ferri</strong></span> 
     </span>
    </p>

    <p class='ocr_par' dir='ltr' id='par_1_10' title="bbox 137 2183 809 2264">
     <span class='ocr_line' id='line_1_26' title="bbox 137 2183 809 2264; baseline 0 -17"><span class='ocrx_word' id='word_1_163' title='bbox 137 2187 265 2264; x_wconf 88' lang='lat' dir='ltr'><strong>Corpora</strong></span> <span class='ocrx_word' id='word_1_164' title='bbox 279 2202 330 2263; x_wconf 89' lang='lat' dir='ltr'><strong>per</strong></span> <span class='ocrx_word' id='word_1_165' title='bbox 344 2198 452 2256; x_wconf 84' lang='lat' dir='ltr'><strong>motus,</strong></span> <span class='ocrx_word' id='word_1_166' title='bbox 474 2186 617 2246; x_wconf 73' lang='lat' dir='ltr'><strong>aeternbm‘</strong></span> <span class='ocrx_word' id='word_1_167' title='bbox 628 2183 737 2245; x_wconf 81' lang='lat' dir='ltr'><strong>subdite</strong></span> <span class='ocrx_word' id='word_1_168' title='bbox 751 2185 809 2262; x_wconf 80' lang='lat' dir='ltr'><strong>legi</strong></span> 
     </span>
    </p>

    <p class='ocr_par' dir='ltr' id='par_1_11' title="bbox 123 2259 831 2340">
     <span class='ocr_line' id='line_1_27' title="bbox 123 2259 831 2340; baseline 0 -16"><span class='ocrx_word' id='word_1_169' title='bbox 123 2267 299 2340; x_wconf 73' lang='lat' dir='ltr'><strong>Perpernae,</strong></span> <span class='ocrx_word' id='word_1_170' title='bbox 318 2261 432 2338; x_wconf 78' lang='lat' dir='ltr'><strong>propria</strong></span> <span class='ocrx_word' id='word_1_171' title='bbox 450 2259 507 2321; x_wconf 87' lang='lat' dir='ltr'><strong>fine</strong></span> <span class='ocrx_word' id='word_1_172' title='bbox 522 2261 703 2339; x_wconf 84' lang='lat' dir='ltr'><strong>cpgnitione,</strong></span> <span class='ocrx_word' id='word_1_173' title='bbox 721 2260 831 2324; x_wconf 84' lang='lat' dir='ltr'><strong>fatetur</strong></span> 
     </span>
    </p>

    <p class='ocr_par' dir='ltr' id='par_1_12' title="bbox 135 2335 949 2422">
     <span class='ocr_line' id='line_1_28' title="bbox 135 2335 949 2422; baseline -0.001 -22"><span class='ocrx_word' id='word_1_174' title='bbox 135 2341 274 2422; x_wconf 88' lang='lat' dir='ltr'><strong>Quilibet.</strong></span> <span class='ocrx_word' id='word_1_175' title='bbox 295 2341 344 2400; x_wconf 80' lang='lat' dir='ltr'><strong>rili</strong></span> <span class='ocrx_word' id='word_1_176' title='bbox 359 2338 470 2398; x_wconf 88' lang='lat' dir='ltr'><strong>bomini</strong></span> <span class='ocrx_word' id='word_1_177' title='bbox 484 2352 553 2398; x_wconf 86' lang='lat' dir='ltr'><strong>nota</strong></span> <span class='ocrx_word' id='word_1_178' title='bbox 572 2338 613 2398; x_wconf 83' lang='lat' dir='ltr'><strong>esi</strong></span> <span class='ocrx_word' id='word_1_179' title='bbox 628 2335 675 2397; x_wconf 87' lang='lat' dir='ltr'><strong>sua</strong></span> <span class='ocrx_word' id='word_1_180' title='bbox 687 2337 792 2415; x_wconf 84' lang='lat' dir='ltr'><strong>cuique</strong></span> <span class='ocrx_word' id='word_1_181' title='bbox 804 2339 949 2419; x_wconf 85' lang='lat' dir='ltr'><strong>potestas,</strong></span> 
     </span>
    </p>

    <p class='ocr_par' dir='ltr' id='par_1_13' title="bbox 73 2412 925 2574">
     <span class='ocr_line' id='line_1_29' title="bbox 137 2412 925 2495; baseline -0.001 -16"><span class='ocrx_word' id='word_1_182' title='bbox 137 2421 194 2479; x_wconf 85' lang='lat' dir='ltr'><strong>Aut</strong></span> <span class='ocrx_word' id='word_1_183' title='bbox 212 2416 283 2476; x_wconf 90' lang='lat' dir='ltr'><strong>nihil</strong></span> <span class='ocrx_word' id='word_1_184' title='bbox 296 2426 345 2474; x_wconf 89' lang='lat' dir='ltr'><strong>aut</strong></span> <span class='ocrx_word' id='word_1_185' title='bbox 363 2412 489 2490; x_wconf 83' lang='lat' dir='ltr'><strong>aliquid,</strong></span> <span class='ocrx_word' id='word_1_186' title='bbox 509 2415 567 2476; x_wconf 81' lang='lat' dir='ltr'><strong>five</strong></span> <span class='ocrx_word' id='word_1_187' title='bbox 582 2415 639 2475; x_wconf 88' lang='lat' dir='ltr'><strong>boc</strong></span> <span class='ocrx_word' id='word_1_188' title='bbox 656 2414 713 2475; x_wconf 85' lang='lat' dir='ltr'><strong>five</strong></span> <span class='ocrx_word' id='word_1_189' title='bbox 728 2415 799 2478; x_wconf 90' lang='lat' dir='ltr'><strong>illud</strong></span> <span class='ocrx_word' id='word_1_190' title='bbox 811 2415 925 2495; x_wconf 84' lang='lat' dir='ltr'><strong>agendi.</strong></span> 
     </span>
     <span class='ocr_line' id='line_1_30' title="bbox 73 2489 848 2574; baseline 0.003 -22"><span class='ocrx_word' id='word_1_191' title='bbox 73 2495 243 2570; x_wconf 83' lang='lat' dir='ltr'><strong>1170Ecquis</strong></span> <span class='ocrx_word' id='word_1_192' title='bbox 261 2495 337 2552; x_wconf 88' lang='lat' dir='ltr'><strong>enim</strong></span> <span class='ocrx_word' id='word_1_193' title='bbox 358 2492 470 2566; x_wconf 89' lang='lat' dir='ltr'><strong>quoties</strong></span> <span class='ocrx_word' id='word_1_194' title='bbox 486 2491 579 2551; x_wconf 87' lang='lat' dir='ltr'><strong>secum</strong></span> <span class='ocrx_word' id='word_1_195' title='bbox 593 2489 731 2552; x_wconf 88' lang='lat' dir='ltr'><strong>deliberat</strong></span> <span class='ocrx_word' id='word_1_196' title='bbox 744 2510 848 2574; x_wconf 86' lang='lat' dir='ltr'><strong>anceps</strong></span> 
     </span>
    </p>

    <p class='ocr_par' dir='ltr' id='par_1_14' title="bbox 135 2566 842 2651">
     <span class='ocr_line' id='line_1_31' title="bbox 135 2566 842 2651; baseline -0.007 -21"><span class='ocrx_word' id='word_1_197' title='bbox 135 2571 211 2651; x_wconf 88' lang='lat' dir='ltr'><strong>Quid</strong></span> <span class='ocrx_word' id='word_1_198' title='bbox 224 2570 323 2639; x_wconf 85' lang='lat' dir='ltr'><strong>faciat,</strong></span> <span class='ocrx_word' id='word_1_199' title='bbox 345 2568 392 2627; x_wconf 86' lang='lat' dir='ltr'><strong>vel</strong></span> <span class='ocrx_word' id='word_1_200' title='bbox 405 2566 551 2636; x_wconf 84' lang='lat' dir='ltr'><strong>confilium</strong></span> <span class='ocrx_word' id='word_1_201' title='bbox 571 2566 680 2627; x_wconf 81' lang='lat' dir='ltr'><strong>solertis</strong></span> <span class='ocrx_word' id='word_1_202' title='bbox 694 2568 778 2628; x_wconf 87' lang='lat' dir='ltr'><strong>amici</strong></span> <span class='ocrx_word' id='word_1_203' title='bbox 839 2585 842 2590; x_wconf 91' lang='lat'>·</span> 
     </span>
    </p>

    <p class='ocr_par' dir='ltr' id='par_1_15' title="bbox 131 2641 850 2724">
     <span class='ocr_line' id='line_1_32' title="bbox 131 2641 850 2724; baseline -0.004 -17"><span class='ocrx_word' id='word_1_204' title='bbox 131 2650 266 2724; x_wconf 86' lang='lat' dir='ltr'><strong>Flagitat‚</strong></span> <span class='ocrx_word' id='word_1_205' title='bbox 286 2663 320 2705; x_wconf 89' lang='lat' dir='ltr'><strong>ac</strong></span> <span class='ocrx_word' id='word_1_206' title='bbox 334 2643 448 2706; x_wconf 86' lang='lat' dir='ltr'><strong>tandem</strong></span> <span class='ocrx_word' id='word_1_207' title='bbox 463 2643 531 2721; x_wconf 87' lang='lat' dir='ltr'><strong>quid</strong></span> <span class='ocrx_word' id='word_1_208' title='bbox 546 2641 578 2703; x_wconf 87' lang='lat' dir='ltr'><strong>srt</strong></span> <span class='ocrx_word' id='word_1_209' title='bbox 592 2642 713 2703; x_wconf 79' lang='lat' dir='ltr'><strong>faiiurus</strong></span> <span class='ocrx_word' id='word_1_210' title='bbox 727 2644 802 2719; x_wconf 87' lang='lat' dir='ltr'><strong>apud</strong></span> <span class='ocrx_word' id='word_1_211' title='bbox 821 2644 850 2704; x_wconf 89' lang='lat' dir='ltr'><strong>se</strong></span> 
     </span>
    </p>

    <p class='ocr_par' dir='ltr' id='par_1_16' title="bbox 132 2719 931 2798">
     <span class='ocr_line' id='line_1_33' title="bbox 132 2719 931 2798; baseline 0.001 -18"><span class='ocrx_word' id='word_1_212' title='bbox 132 2723 289 2787; x_wconf 81' lang='lat' dir='ltr'><strong>Decernit3</strong></span> <span class='ocrx_word' id='word_1_213' title='bbox 311 2723 374 2798; x_wconf 91' lang='lat' dir='ltr'><strong>quis</strong></span> <span class='ocrx_word' id='word_1_214' title='bbox 389 2720 456 2779; x_wconf 90' lang='lat' dir='ltr'><strong>dum</strong></span> <span class='ocrx_word' id='word_1_215' title='bbox 470 2732 565 2796; x_wconf 84' lang='lat' dir='ltr'><strong>rogat,</strong></span> <span class='ocrx_word' id='word_1_216' title='bbox 588 2731 636 2779; x_wconf 87' lang='lat' dir='ltr'><strong>aut</strong></span> <span class='ocrx_word' id='word_1_217' title='bbox 651 2719 780 2778; x_wconf 87' lang='lat' dir='ltr'><strong>hortatur</strong></span> <span class='ocrx_word' id='word_1_218' title='bbox 795 2719 823 2781; x_wconf 78' lang='lat' dir='ltr'><strong>dt</strong></span> <span class='ocrx_word' id='word_1_219' title='bbox 836 2731 931 2797; x_wconf 72' lang='lat' dir='ltr'><strong>urgeta</strong></span> 
     </span>
    </p>

    <p class='ocr_par' dir='ltr' id='par_1_17' title="bbox 75 2794 1055 2951">
     <span class='ocr_line' id='line_1_34' title="bbox 135 2794 1055 2874; baseline 0.004 -18"><span class='ocrx_word' id='word_1_220' title='bbox 135 2799 213 2856; x_wconf 80' lang='lat' dir='ltr'><strong>Dura</strong></span> <span class='ocrx_word' id='word_1_221' title='bbox 233 2797 326 2858; x_wconf 85' lang='lat' dir='ltr'><strong>laudat</strong></span> <span class='ocrx_word' id='word_1_222' title='bbox 342 2801 415 2858; x_wconf 87' lang='lat' dir='ltr'><strong>bene</strong></span> <span class='ocrx_word' id='word_1_223' title='bbox 428 2796 503 2874; x_wconf 83' lang='lat' dir='ltr'><strong>gesta</strong></span> <span class='ocrx_word' id='word_1_224' title='bbox 518 2794 627 2867; x_wconf 81' lang='lat' dir='ltr'><strong>virum,</strong></span> <span class='ocrx_word' id='word_1_225' title='bbox 648 2794 722 2856; x_wconf 76' lang='lat' dir='ltr'><strong>male</strong></span> <span class='ocrx_word' id='word_1_226' title='bbox 734 2797 811 2872; x_wconf 80' lang='lat' dir='ltr'><strong>gesta</strong></span> <span class='ocrx_word' id='word_1_227' title='bbox 831 2795 945 2860; x_wconf 82' lang='lat' dir='ltr'><strong>severus</strong></span> <span class='ocrx_word' id='word_1_228' title='bbox 1052 2824 1055 2829; x_wconf 95' lang='lat'>·</span> 
     </span>
     <span class='ocr_line' id='line_1_35' title="bbox 75 2871 886 2951; baseline 0.01 -23"><span class='ocrx_word' id='word_1_229' title='bbox 75 2891 129 2936; x_wconf 83' lang='lat'>1175</span> <span class='ocrx_word' id='word_1_230' title='bbox 140 2873 256 2946; x_wconf 77' lang='lat' dir='ltr'><strong>August,</strong></span> <span class='ocrx_word' id='word_1_231' title='bbox 273 2893 305 2933; x_wconf 89' lang='lat' dir='ltr'><strong>ac</strong></span> <span class='ocrx_word' id='word_1_232' title='bbox 324 2872 445 2933; x_wconf 85' lang='lat' dir='ltr'><strong>meliore</strong></span> <span class='ocrx_word' id='word_1_233' title='bbox 461 2875 556 2945; x_wconf 74' lang='lat' dir='ltr'><strong>juben</strong></span> <span class='ocrx_word' id='word_1_234' title='bbox 577 2871 643 2932; x_wconf 91' lang='lat' dir='ltr'><strong>dum</strong></span> <span class='ocrx_word' id='word_1_235' title='bbox 657 2872 767 2951; x_wconf 67' lang='lat' dir='ltr'><strong>pramis</strong></span> <span class='ocrx_word' id='word_1_236' title='bbox 788 2876 886 2949; x_wconf 81' lang='lat' dir='ltr'><strong>ponit,</strong></span> 
     </span>
    </p>

    <p class='ocr_par' dir='ltr' id='par_1_18' title="bbox 137 2946 807 3024">
     <span class='ocr_line' id='line_1_36' title="bbox 137 2946 807 3024; baseline 0.003 -17"><span class='ocrx_word' id='word_1_237' title='bbox 137 2948 174 3007; x_wconf 83' lang='lat' dir='ltr'><strong>Et</strong></span> <span class='ocrx_word' id='word_1_238' title='bbox 188 2964 283 3020; x_wconf 84' lang='lat' dir='ltr'><strong>poenaa</strong></span> <span class='ocrx_word' id='word_1_239' title='bbox 303 2949 425 3018; x_wconf 82' lang='lat' dir='ltr'><strong>meritis3</strong></span> <span class='ocrx_word' id='word_1_240' title='bbox 444 2946 547 3024; x_wconf 76' lang='lat' dir='ltr'><strong>siquid</strong></span> <span class='ocrx_word' id='word_1_241' title='bbox 561 2949 721 3022; x_wconf 84' lang='lat' dir='ltr'><strong>peccaverit</strong></span> <span class='ocrx_word' id='word_1_242' title='bbox 735 2949 807 3023; x_wconf 89' lang='lat' dir='ltr'><strong>ipse,</strong></span> 
     </span>
    </p>

    <p class='ocr_par' dir='ltr' id='par_1_19' title="bbox 135 3022 878 3101">
     <span class='ocr_line' id='line_1_37' title="bbox 135 3022 878 3101; baseline 0.008 -19"><span class='ocrx_word' id='word_1_243' title='bbox 135 3022 280 3082; x_wconf 80' lang='lat' dir='ltr'><strong>Excusare</strong></span> <span class='ocrx_word' id='word_1_244' title='bbox 300 3027 408 3098; x_wconf 86' lang='lat' dir='ltr'><strong>palam,</strong></span> <span class='ocrx_word' id='word_1_245' title='bbox 427 3042 465 3084; x_wconf 89' lang='lat' dir='ltr'><strong>ne</strong></span> <span class='ocrx_word' id='word_1_246' title='bbox 480 3029 535 3101; x_wconf 78' lang='lat' dir='ltr'><strong>qui</strong></span> <span class='ocrx_word' id='word_1_247' title='bbox 550 3023 614 3085; x_wconf 87' lang='lat' dir='ltr'><strong>sons</strong></span> <span class='ocrx_word' id='word_1_248' title='bbox 628 3022 737 3091; x_wconf 84' lang='lat' dir='ltr'><strong>audiat,</strong></span> <span class='ocrx_word' id='word_1_249' title='bbox 759 3025 785 3086; x_wconf 76' lang='lat' dir='ltr'><strong>dt</strong></span> <span class='ocrx_word' id='word_1_250' title='bbox 806 3026 878 3088; x_wconf 83' lang='lat' dir='ltr'><strong>clam</strong></span> 
     </span>
    </p>
   </div>
   <div class='ocr_carea' id='block_1_6' title="bbox 134 3097 849 3244">
    <p class='ocr_par' dir='ltr' id='par_1_20' title="bbox 134 3097 849 3244">
     <span class='ocr_line' id='line_1_38' title="bbox 134 3097 849 3244; baseline 0 -82"><span class='ocrx_word' id='word_1_251' title='bbox 134 3097 295 3162; x_wconf 82' lang='lat' dir='ltr'><strong>Earendare</strong></span> <span class='ocrx_word' id='word_1_252' title='bbox 309 3112 403 3185; x_wconf 79' lang='lat' dir='ltr'><strong>parat,</strong></span> <span class='ocrx_word' id='word_1_253' title='bbox 423 3103 490 3178; x_wconf 86' lang='lat' dir='ltr'><strong>quia</strong></span> <span class='ocrx_word' id='word_1_254' title='bbox 512 3102 577 3162; x_wconf 81' lang='lat' dir='ltr'><strong>fatti</strong></span> <span class='ocrx_word' id='word_1_255' title='bbox 595 3118 662 3164; x_wconf 86' lang='lat' dir='ltr'><strong>cura</strong></span> <span class='ocrx_word' id='word_1_256' title='bbox 673 3102 849 3244; x_wconf 48' lang='lat' dir='ltr'><strong>afficiet,</strong></span> 
     </span>
    </p>
   </div>
   <div class='ocr_carea' id='block_1_7' title="bbox 0 0 1077 3502">
    <p class='ocr_par' dir='ltr' id='par_1_21' title="bbox 0 0 1077 3502">
     <span class='ocr_line' id='line_1_39' title="bbox 0 0 1077 3502; baseline 0 0"><span class='ocrx_word' id='word_1_257' title='bbox 0 0 1077 3502; x_wconf 95' lang='lat' dir='ltr'><strong> </strong></span> 
     </span>
    </p>
   </div>
  </div>
 </body>
</html>
