2144 3502
41 136 77 187 22
201 114 778 183 Auri-Lucxxxtus.

1 274 30 319 er
39 254 180 326 Crimina,
197 268 283 329 quem
301 247 384 307 fallax
400 248 486 307 trahit
501 250 530 306 in
545 260 594 305 tua
609 248 696 309 calita
706 248 859 325 Voluptn'r,

34 332 72 391 Et
93 331 192 405 quidni
208 329 311 396 iaciat,
330 325 445 400 quando
465 326 505 383 nil
525 322 778 411 sermonumt

71 486 178 563 Quom
198 481 217 540 sr
237 479 299 539 otis
313 481 387 553 erit,
406 480 496 556 magis
511 479 590 541 ilium
606 492 639 540 ut
656 480 735 539 mitia
748 474 846 539 fatia-
938 460 966 507 ²³

31 560 200 624 Deletient,
220 572 274 613 nec
293 570 350 615 tarn
366 557 497 615 violento
513 556 622 618 ferveat
635 557 715 625 astu,

29 638 71 693 Ut
86 632 224 691 desiderio
244 632 377 707 potiundi
395 635 485 695 vic'tus
498 632 527 692 dt
543 636 644 704 exlex,

11 709 152 769 -llumuni
166 709 278 765 turbare
291 710 362 769 velit
376 711 515 770 consortia
538 710 645 774 coetiisi

28 787 96 843 Non
111 801 145 841 ea
157 784 289 845 decirinae
303 786 361 844 laus
376 786 432 856 eil,
453 806 515 863 que
528 787 629 862 gaudia
641 785 751 848 tantitm

28 864 166 934 Imperat,
187 878 219 918 ac
235 861 331 922 suadet
369 864 436 921 enio
448 863 597 940 indulgere
616 864 747 940 procacii

25 936 142 995 Nature
156 937 251 1012 potiits
289 881 383 999 lacida
401 940 430 1000 bt
450 940 601 1015 tranquilla
613 941 754 1017 petentis,

28 1013 121 1093 Quam
136 1012 250 1073 fortuna
263 955 358 1085 dedit,
378 1033 438 1077 non
459 1034 503 1076 ars
522 1018 671 1089 sormavi13
690 1017 719 1075 dt
734 1030 808 1074 uuus

0 1090 158 1150 ¹rMateriae
175 1092 247 1164 parit
266 1092 397 1151 occursus
420 1093 477 1151 fine
497 1092 561 1169 iege
580 1097 718 1168 vagantis.

27 1166 74 1225 Sic
89 1166 229 1226 mansueta
243 1167 361 1240 bidens,
381 1168 450 1229 laetis
467 1187 528 1242 que
541 1172 686 1229 montibus
699 1169 817 1226 herbam

24 1244 84 1302 Aut
98 1242 228 1303 fruticum
243 1258 359 1304 teneros
378 1261 393 1301 a
416 1245 472 1301 icet
494 1246 609 1303 innoxia
629 1245 738 1321 carpit,

23 1320 90 1379 Non
106 1320 190 1379 habet
205 1320 280 1379 unde
303 1319 370 1394 lupo
386 1262 414 1377 id
433 1318 576 1393 preferat,
596 1332 682 1393 atque
694 1315 788 1374 leonis

24 1396 207 1456 Carnivoram
221 1396 325 1454 rabiem
339 1393 366 1451 dt
380 1393 551 1455 truculentas
565 1406 663 1467 arguat
682 1393 736 1449 iras
751 1405 760 1443 ε

4 1472 136 1533 0Scilicet
153 1474 226 1529 hanc
249 1470 361 1537 mitem,
381 1468 435 1527 bor
448 1467 515 1527 fecit
535 1481 634 1527 natura
646 1478 771 1541 rapaces.
794 1508 798 1515 .

22 1548 118 1608 Credo
135 1545 267 1621 equidem
287 1542 433 1617 lplaeldir
447 1543 537 1602 dirum
553 1543 592 1600 nil
604 1539 683 1616 poffe
696 1538 807 1599 timeri:

20 1625 77 1685 Sed
90 1638 213 1699 quonum
229 1618 254 1675 se
273 1634 353 1677 inore
366 1632 481 1692 gerent,
501 1635 574 1695 quos
590 1627 663 1675 tetra
677 1613 765 1674 iibido

18 1698 162 1759 Protrahit
178 1694 357 1763 inuetitum,
376 1694 462 1769 magis
480 1710 515 1753 ex
534 1691 708 1768 obstantibus
729 1689 851 1753 ardeus?

20 1778 81 1833 (bu
96 1772 224 1835 violento
238 1770 292 1829 litii
313 1766 426 1827 fervore
440 1769 552 1830 accensa
565 1768 677 1840 febrili,

18 1854 110 1931 Quam
125 1842 321 1911 decumbentis
334 1858 474 1919 nunquam
488 1846 621 1920 patientia
644 1845 740 1907 vincet

17 1928 163 2005 improba,
185 1916 231 1977 led
250 1916 369 1997 lympbae
383 1919 445 1981 solo
464 1923 620 2000 placaveris
646 1921 755 1983 haustu.
828 1984 834 1993 ,

52 2078 109 2137 Nu
123 2088 192 2133 ent
214 2071 294 2207 aulen
315 2075 409 2136 animo
423 2077 545 2148 Thesei,
566 2074 632 2135 dum
654 2072 771 2134 Phaedra
785 2073 882 2135 sorore

15 2152 131 2213 Grrrtlor
151 2150 212 2207 inte
237 2166 282 2209 um
303 2155 383 2212 venis
401 2154 512 2214 instillat
526 2168 674 2219 amorem,

14 2232 50 2289 Nl
72 2224 213 2285 l'lraedram
230 2226 348 2287 abducat
364 2231 479 2301 tacitus,
498 2230 652 2305 pactosque
667 2226 829 2302 hymeneos

0 2302 139 2365 ¹linierat.
164 2301 266 2362 Infelix
280 2304 416 2365 Ariadne!
437 2307 488 2366 Nil
504 2307 555 2365 tibi
569 2306 619 2364 filo

13 2376 153 2439 llirexlile
169 2378 229 2437 vius
243 2396 294 2453 per
315 2382 509 2442 inextricabile
522 2393 632 2442 textum
782 2436 787 2447 ,

12 2454 161 2523 Proderit,
181 2472 213 2514 ac
226 2456 310 2515 vitam
325 2458 484 2519 immemori
504 2457 621 2518 servasse
639 2456 756 2516 marito!

10 2536 73 2593 Nec
85 2532 176 2601 jurata
196 2530 280 2603 fides,
298 2535 403 2595 meritis
417 2552 469 2595 nec
489 2536 601 2612 praemia
620 2533 704 2592 tantis

12 2610 129 2673 llebiru.
150 2608 306 2684 nascentem
320 2623 454 2685 poterunt
467 2613 633 2684 extinguere
647 2608 802 2669 flammam!
910 2663 914 2669 .

1 2685 110 2743 fUritur
125 2684 231 2743 interea
245 2685 330 2762 culpae
345 2688 393 2748 fibi
408 2688 536 2747 conscius
552 2687 653 2744 heros:
735 2746 745 2769 ,⁸

11 2758 90 2841 Quid
105 2760 208 2821 faciet?
231 2761 376 2823 Placitone
391 2765 487 2827 furens
507 2757 769 2836 pugnabit'amon?

10 2838 129 2899 Solatur
147 2837 227 2897 citiirs
243 2839 357 2910 victrix,
381 2839 465 2915 quim
483 2838 554 2895 vieta
571 2833 692 2913 cupido:

9 2916 87 2973 ilinc
105 2912 199 2971 animo
215 2932 270 2989 pax
282 2916 353 2974 alma
368 2915 457 2979 redit;
483 2929 539 2989 pax
555 2912 621 2986 ista,
641 2910 789 2991 Voluptas.

10 2990 93 3059 llaec,
114 2990 236 3064 Epicure
250 2992 300 3051 tibi
317 2988 490 3067 praeludens,
513 2990 634 3062 cogitate
654 2989 722 3077 crgo

12 3066 139 3133 Exsolvit
157 3082 245 3131 nexus
266 3066 462 3142 omnca,2jura
476 3066 571 3131 omna
585 3076 690 3141 rumpit
828 3141 851 3205 P
883 3141 901 3202 fi

854 3160 912 3201 er·
