2144 3502
149 139 244 212 176¹
322 84 902 202 testimonimum

148 269 277 346 Desungi
292 283 400 330 certum
415 267 470 329 est:
489 270 584 330 radios
604 289 668 332 nam
683 269 793 345 colligit
808 285 882 338 uns,

148 346 248 405 Altera
262 346 395 407 secernit:
416 347 526 406 Mentis
539 347 577 405 fic
589 351 684 407 munia
697 360 791 423 partes

146 422 274 483 Diversae
290 422 421 494 divorsa,
443 421 501 482 imb
516 425 655 481 contraria
670 425 801 498 obirent,

147 501 293 561 Libertate
316 499 362 559 sul
379 501 504 577 pariter,
523 497 644 556 scorsum
666 499 772 573 potitae.

94 587 139 637 rso
149 575 245 634 eorus
259 578 327 634 erit:
348 577 437 637 veluti
450 572 632 633 formicarum
654 573 748 651 abdita
763 590 864 650 campo

147 653 230 711 Plebs
244 653 368 724 habitat,
389 653 498 713 varium
517 651 589 708 inter
605 651 632 707 se
651 649 753 723 partita
769 651 910 708 laborem:
1015 672 1017 677 ·

146 728 204 787 Aut
218 745 335 787 examen
352 746 444 804 apum.
469 727 520 786 Vel
536 727 590 786 erit
606 724 777 798 Respublica
791 725 914 795 discors,
1010 752 1013 761 ·

146 803 280 861 Motibus
302 803 455 864 insanisse
475 801 656 863 seditionibus
671 799 788 862 ardens;

148 883 186 940 Et
203 879 414 940 confundentur
429 879 572 956 populosae
590 876 683 936 munia
696 876 815 933 Mentis.

94 962 136 1014 sss
148 954 199 1011 Vel
216 972 337 1015 concors
353 969 384 1015 ut
398 956 448 1026 stt,
466 954 589 1030 quedam
606 951 704 1011 serena
721 963 764 1008 rot
786 951 860 1007 inter

146 1031 299 1089 Particulas
314 1031 364 1090 sibi
379 1047 555 1108 congeneres
576 1043 752 1104 operumque
770 1024 934 1095 ministram*

144 1107 191 1165 Sic
233 1109 429 1183 rincepserit,
451 1099 922 1170 utcunsloreferanturadillam,
1008 1121 1011 1126 ·
1061 1134 1063 1143 ι

145 1126 373 1260 Conspircntque
388 1183 476 1242 fimul.
499 1181 555 1241 Sed
570 1199 632 1256 quae
652 1180 760 1255 Regina
776 1176 902 1236 sedebit?

143 1260 246 1321 Praeter
262 1260 336 1318 eninr
354 1257 437 1333 quim
450 1257 528 1335 qubd
545 1255 656 1334 prorsus
669 1272 800 1328 germana
817 1251 927 1313 videtur

89 1336 293 1397 9⁰0Mentibus
309 1335 369 1403 bis,
392 1351 461 1408 quas
476 1333 645 1392 Democrito
659 1335 830 1405 exprobrare
845 1331 970 1401 solebas,

143 1414 272 1470 Partibus
293 1409 332 1468 est
353 1411 413 1469 aliis
429 1409 550 1469 conflata
569 1408 739 1477 montibus,
761 1407 840 1483 aequd

142 1489 187 1547 Ac
201 1486 325 1553 famulo,
346 1487 504 1619 vulguspue
523 1487 694 1544 Atomorum
710 1483 738 1540 ln
754 1501 875 1556 corpore
889 1485 1012 1564 degens:

143 1565 214 1712 gun
231 1578 293 1634 pars
311 1562 430 1633 irnperio
457 1578 482 1619 rc
503 1573 566 1618 nato
580 1558 721 1617 videbitur
738 1559 815 1617 unas

175 1651 214 1693 ue
234 1651 297 1709 pars
314 1635 429 1708 Regina>
444 1635 554 1694 tandem
569 1636 678 1708 Regina
693 1630 785 1702 sutura
801 1637 862 1694 ests

88 1733 131 1778 ,ος
143 1714 214 1803 Quae
227 1728 289 1785 pars
307 1711 418 1770 Mentis
430 1713 483 1770 erit
500 1708 565 1770 vere
583 1709 691 1770 Mens?
711 1710 796 1778 Heu,
816 1714 892 1770 bone
909 1713 1024 1796 Quintis

143 1789 264 1860 lingere
282 1785 364 1862 qudm
384 1790 541 1862 promtum!
561 1787 713 1846 Rationem
729 1784 846 1846 reddere
865 1787 920 1846 ficii

143 1863 201 1921 Pro
216 1863 299 1936 quim
320 1862 434 1922 difficile
449 1862 501 1922 est!
524 1865 631 1922 Nonne
646 1864 712 1923 hlnc
726 1861 857 1938 intelligis
875 1881 964 1928 unum
1007 1872 1012 1889 '
1060 1911 1063 1919 Δ

143 1940 181 1998 Er
196 1939 311 2013 simplex
326 1940 380 1998 else
396 1938 423 1997 id
436 1938 516 2015 q'uod
531 1939 591 1999 vult
605 1958 637 1998 ac
650 1937 793 2015 percipit?
812 1939 888 2017 Ergo

144 2015 217 2074 Ciun
235 2034 298 2092 pars
318 2016 448 2074 Materiae
466 2016 655 2094 (meministi)
674 2016 751 2076 nulla
765 2016 796 2075 stt
816 2035 885 2088 una,

91 2109 137 2155 91⁰
146 2093 230 2152 Nulla
250 2090 396 2153 individua
410 2103 458 2150 aut
476 2090 604 2166 firnplext
625 2093 729 2151 nullam
744 2091 800 2150 esse
816 2093 925 2154 necesse
939 2091 995 2167 est,

145 2169 216 2248 Qun
234 2166 297 2225 casu
316 2167 418 2241 quovis
435 2167 464 2224 in
482 2167 613 2224 Mentem
635 2167 773 2241 assurgere
786 2167 871 2242 possit

145 2247 206 2303 Aut
221 2260 272 2316 per
287 2241 314 2301 se
329 2241 406 2316 sola,
431 2254 480 2301 aut
497 2242 559 2301 aliis
572 2238 621 2297 fibi
634 2239 744 2299 findere
753 2242 864 2312 iunslis.

187 2387 413 2450 Procrusten
426 2389 510 2453 'clare
523 2390 600 2448 sensu
613 2387 659 2447 vel
674 2390 764 2448 cernis
780 2393 815 2450 ab
830 2391 889 2466 ipso

146 2465 278 2523 Mentem
292 2467 511 2542 incorpoream,
530 2465 576 2523 seu
589 2465 715 2539 partibus
734 2464 789 2522 effe
804 2483 958 2535 carentem.

92 2553 135 2604 915
144 2539 257 2615 Insuper
272 2542 330 2615 ipse
346 2543 425 2602 vides
440 2543 456 2601 i
477 2557 546 2599 vero
561 2538 643 2613 quim
662 2540 763 2612 procul
778 2541 859 2611 abfit,

145 2616 204 2695 Qui
219 2629 333 2677 tenuem
348 2621 446 2679 nolito
460 2613 586 2676 diffusam
601 2630 722 2688 corpore
735 2615 830 2673 censet

143 2693 208 2753 Esse
224 2694 361 2762 animam,
381 2692 490 2752 nebulae
504 2691 618 2750 similem
639 2691 810 2764 penetrantis
825 2693 854 2751 in
868 2709 961 2770 artus,
989 2745 990 2749 ,

146 2769 201 2827 Cui
216 2771 311 2830 motus
331 2765 438 2826 tantum
454 2784 487 2825 ac
505 2765 594 2825 senslls
609 2766 756 2844 provincia
770 2767 872 2842 detur,

147 2845 187 2902 At
204 2845 387 2906 famulantem
399 2843 511 2911 animo,
531 2858 585 2901 ceu
603 2843 676 2918 Regi
693 2848 822 2917 corporis
837 2848 902 2922 uns,
958 2874 960 2881 ·

91 2918 298 2994 92⁰Corporeo
315 2930 425 2989 tamen,
445 2935 482 2980 ac
500 2920 584 2976 variis
599 2916 616 2978 ὲ
630 2919 755 2994 partibus
768 2939 854 2995 orto,

142 2994 243 3068 Atque
256 2994 458 3073 gubernaclum
479 2993 564 3069 regali
581 3011 616 3055 ex
638 3012 701 3054 arce
718 3002 837 3060 tenenti.

144 3070 258 3148 Nempe
272 3084 336 3140 tuus
351 3083 430 3135 vates
451 3070 508 3150 ipse
522 3070 583 3136 hcc
595 3071 644 3133 fibi
658 3072 765 3136 somnia
783 3076 873 3153 finxit,

64 3184 221 3300 Λ
948 3089 1055 3219 sn
