2144 3502
216 129 481 205 ·ttnun
537 112 927 201 tn·nr'1'us.·
982 146 1019 209 93

109 276 214 355 Omnia
227 273 329 364 nativo
346 268 473 331 mortalia
486 282 608 360 corpore
619 265 765 328 constant:

56 341 965 498 ⁷„iitibiibitiibiitir‘irit‘itrtibumr

108 503 159 566 Est
174 499 287 565 Atomis
302 500 390 593 ¹⁶⁶⁰st
404 488 472 583 terd
490 496 674 568 mortalibus,
696 494 800 556 autor.

130 666 134 672 ·
150 657 205 716 Ar
224 656 384 729 quanquam·
395 650 425 709 in
439 658 534 726 partes
548 647 634 709 scindi
648 660 733 724 queat
745 647 866 707 infinitae

109 732 265 800 Materies,
284 742 377 788 tamen
393 723 470 784 haud
489 726 564 784 dicas
623 725 694 784 uaiia
708 726 814 799 magnis

111 808 241 879 Corpora
257 820 341 880 parva
361 802 441 872 fore,
462 799 587 860 atnuilo
621 794 759 861 iscrimine
773 799 880 868 moles:

56 883 156 943 resur
171 881 283 942 infinitis
297 878 374 955 quad
388 877 494 952 singula
511 876 637 950 partibus
654 870 735 953 eque

114 957 287 1017 Constarent.
309 955 448 1045 Quamvis
463 953 566 1010 etenim
584 949 637 1010 fint
648 968 773 1028 corpora
782 952 876 1023 nulia,

110 1035 182 1168 3⁰ae
195 1049 254 1092 non
273 1030 391 1101 dirnrdiu
406 1028 514 1104 semper
532 1026 693 1087 decrescere
705 1027 810 1104 poffint

134 1121 193 1168 arte
206 1110 262 1177 sul,
282 1105 376 1171 moles
395 1117 487 1164 tamen
502 1101 577 1161 haud
593 1102 755 1163 scinduntur
768 1104 796 1161 in
812 1116 918 1177 equas}

111 1182 200 1243 Parva
216 1183 263 1241 ied
282 1184 310 1240 in
325 1192 441 1256 parvas,
463 1181 490 1238 in
507 1185 621 1255 magnae
642 1182 756 1257 magna:
775 1178 886 1239 resettb

56 1270 103 1317 πο
111 1258 238 1320 Partibus
259 1269 291 1318 ut
306 1265 435 1314 maneant
449 1256 547 1333 eadem
562 1251 720 1315 discrimina
736 1255 860 1330 semper,

110 1334 182 1413 Qum
196 1332 265 1394 totis
285 1330 414 1390 fuerant:
432 1338 496 1390 riam
516 1328 580 1389 semi
602 1330 657 1389 ede
677 1331 797 1407 amplior
814 1330 880 1391 uina

108 1412 282 1486 Semiputata
296 1419 404 1479 manet,
425 1400 515 1467 veluti
533 1348 607 1484 pede
621 1404 754 1483 grandior
769 1407 835 1467 ulna
850 1405 899 1468 est.

150 1561 223 1623 San
242 1559 411 1636 qubfronte
425 1554 495 1619 mihi
514 1554 575 1620 hate
587 1558 620 1619 Ε·
633 1558 749 1620 icarus?
774 1558 883 1622 Nonne
897 1560 947 1624 sub
961 1558 1016 1625 uni

112 1637 224 1697 Semina
238 1637 367 1695 Materiae
386 1635 462 1694 locat
477 1627 583 1694 infinita
620 1636 728 1712 gurdi.
782 1700 784 1705 ,

57 1717 103 1768 7¹5
112 1714 212 1772 Dicam
228 1713 328 1787 igiturz
342 1712 404 1771 Tot
417 1708 477 1769 sunt
492 1711 590 1770 Atomi
604 1714 741 1787 cujusque
754 1712 868 1789 figure,

110 1789 224 1849 Summa
243 1788 394 1862 figuramur
407 1799 480 1860 quot
495 1786 730 1862 circumpiediitur
749 1790 850 1846 omnis.

109 1865 242 1940 Insuper,
262 1863 309 1920 hic
327 1876 459 1921 numerus
473 1860 592 1937 speciem
612 1864 660 1937 qui
674 1864 804 1923 continet
821 1880 928 1938 unam,

108 1939 255 2014 AEquatur
269 1952 389 1995 numero
404 1935 508 2011 speeies
521 1939 570 2014 qui
587 1941 715 1998 continet
730 1954 839 1998 omnes.

108 2015 220 2072 Totum
235 2009 309 2087 aded
322 2027 373 2086 per
387 2020 416 2071 te
429 2029 487 2073 non
501 2017 589 2087 majus
607 2027 686 2088 parte
700 2012 822 2074 videtur.

56 2089 140 2154 ποδὶ
154 2089 230 2164 capis
247 2087 307 2146 hac
324 2084 454 2161 absurda,
473 2090 651 2166 profarisque
668 2108 720 2151 ore
738 2091 853 2162 sereno,

110 2164 169 2224 Cur
183 2182 215 2224 ea
234 2180 292 2228 non
307 2163 399 2238 capies
418 2182 479 2240 quae
492 2165 680 2226 demonstrata
699 2163 823 2246 reliqui?

108 2243 180 2301 Non
196 2242 271 2304 enim
288 2242 315 2299 in
329 2239 464 2315 equales,
484 2256 515 2301 ut
529 2242 592 2302 sunt
604 2254 652 2301 tua
665 2244 784 2313 semina,
808 2242 908 2307 verdun

108 2319 141 2378 in
155 2317 348 2378 decrescentes
362 2316 468 2376 abeunt
487 2318 557 2378 mihi
572 2333 695 2394 corpora
707 2332 814 2397 purtem

109 2394 146 2453 Et
160 2394 211 2453 sint
229 2393 351 2455 dividua
369 2394 513 2467 quamvis,
534 2410 565 2452 re
579 2407 637 2452 non
651 2407 743 2457 tamen
763 2396 820 2474 ipsa

56 2469 224 2540 725Divise‚
247 2471 413 2543 semperque
428 2470 526 2543 aliquo
538 2469 706 2532 clauduntur
722 2488 827 2535 acervo

108 2543 277 2617 Coniunite.
297 2546 345 2606 Sic
359 2543 528 2615 Materiam,
547 2544 660 2621 qualem
675 2546 730 2608 eii'e
746 2547 898 2620 docemur,

104 2620 190 2680 Haud
203 2622 338 2682 infinitam
354 2622 459 2701 quevis
475 2621 504 2681 in
518 2633 640 2696 corpote
654 2622 740 2685 dices.

104 2698 177 2754 Nam
192 2696 276 2757 semel
289 2697 424 2773 adscripta
439 2699 583 2758 communi
600 2698 678 2759 moie
710 2718 742 2760 er
754 2716 854 2760 omnes

104 2769 276 2857 Peniculus,
297 2790 495 2849 quamcunque
508 2788 559 2834 tuo
578 2719 744 2853 adscripdffe
758 2777 858 2838 libebit

52 2845 248 2933 ”ebibitum
269 2847 346 2910 certa
361 2866 462 2925 paucas
479 2851 507 2910 in
521 2866 644 2929 corpore
656 2871 764 2930 parvo.

105 2917 256 3007 Multauflm
272 2938 374 2996 magno
389 2927 549 2987 numerabis
561 2942 683 3005 corpore
696 2927 803 2991 moies:
842 2999 845 3005 ,

104 2997 241 3132 guamvrs
256 2996 293 3055 fic
310 2997 451 3065 minimam
465 3019 591 3076 nequeas
610 3002 744 3067 aii'urnere
756 3017 883 3083 partem,

135 3085 144 3133 t
161 3085 220 3131 non
235 3071 287 3134 smt
300 3085 410 3150 parter,
430 3077 657 3157 coniint-quibur
677 3080 750 3158 ipsa,
769 3080 904 3149 ninom,

919 3161 1019 3222 indui-
