2144 3502
68 149 141 206 ¹err
261 118 839 190 Aust-Lucretium&

84 260 126 319 Ar
146 276 285 335 nusquam
305 258 362 319 viia
382 256 421 315 eli
439 257 541 318 animal
559 258 731 334 progignere
745 253 855 317 Tellus.
936 274 939 282 ·

126 404 202 487 Ilm
222 410 303 488 quod
318 408 475 472 Aristotelis
491 405 592 470 docuit
611 410 733 481 Schola,
755 407 884 484 corporis
905 404 1022 468 omnis'

55 491 212 551 ”Materia
231 485 309 549 simul
328 502 359 541 ae
374 483 464 542 forant
477 487 628 547 consistere
642 488 794 556 summam,

86 566 136 629 Nil
151 566 242 640 aperit
263 560 484 631 notaminibus,
503 561 544 621 nil
564 565 706 639 explicat,
728 562 803 622 untle

88 647 179 704 Mens
198 636 326 697 illustrari
343 634 368 690 ἃ
387 653 486 695 verum
509 641 682 716 cognoscere
700 639 794 717 pollita

87 718 241 780 Materiem
256 708 332 771 certe
345 712 462 786 primam
478 715 549 774 nihil
563 716 618 775 elle
632 715 750 781 fatetur,
772 770 775 775 .

88 800 191 856 Praeter
206 790 235 845 id
249 800 335 843 omne
351 788 430 859 quod
450 789 488 848 est
507 792 613 852 formas
631 788 801 848 versatilein
818 805 936 855 omnes,

54 871 84 912 ‘⁰
92 874 144 930 Per
165 864 191 925 se
210 860 358 921 nudum&
377 866 478 940 inops,
499 869 537 929 ita
558 869 665 941 semper
681 878 712 922 ut
731 875 843 935 appetat
857 864 940 920 illas:

92 950 131 1008 At
145 942 278 1006 formam,
301 938 328 996 id
348 942 458 1013 privum
479 961 539 1017 quo
553 943 682 1001 definitur
697 939 839 1010 habetque

91 1014 247 1081 Materies,
269 1026 300 1073 ut
313 1014 344 1074 stt
365 1018 426 1077 talis
444 1020 563 1091 talisque
577 1027 711 1074 veretum

90 1093 289 1166 Reginamque
310 1096 488 1169 animamque
509 1094 568 1154 reir
587 1095 782 1149 verumtamen
800 1085 855 1162 ipit

90 1172 194 1228 Natam
212 1165 231 1227 ὁ
252 1169 390 1239 Materia,
411 1171 465 1242 qut
484 1168 625 1227 dilabente
642 1178 771 1227 necatum

52 1248 154 1324 “rQui
166 1243 223 1303 stne
237 1245 332 1304 adbuc
346 1244 416 1303 nibil
432 1244 487 1312 est,
507 1259 648 1316 quamque
664 1241 752 1300 ambit
767 1239 855 1299 amica
867 1233 1006 1299 vicissirn:

91 1324 196 1381 Mutua
217 1323 365 1382 consortes
380 1319 453 1379 adeb
472 1320 600 1393 conjugit
617 1316 732 1393 egestae.

57 1432 71 1451 .-
90 1400 189 1475 Atque
203 1399 242 1459 ita
257 1397 406 1457 seminibus
420 1393 559 1453 dominati
574 1392 602 1453 ἃ
617 1394 728 1470 praeelle
744 1392 876 1470 regendis

81 1477 221 1534 ¹Formam
243 1473 419 1535 imitatricem
434 1470 525 1544 genii,
547 1488 580 1529 ac
594 1473 668 1531 bene
688 1472 785 1543 cunila
804 1480 985 1532 moventem.

93 1554 162 1611 Haec
175 1552 229 1611 fuit
250 1549 358 1620 antiqui
377 1544 495 1603 celebris
511 1544 636 1606 doiirina
652 1547 755 1622 Lyceii

52 1631 187 1760 mquam
203 1638 343 1681 renovare
358 1619 465 1684 velint,
488 1623 590 1694 quibus
611 1624 670 1683 haec
688 1632 787 1681 natura
801 1632 922 1680 vocatur

93 1702 225 1762 Pallica:
245 1694 348 1756 slvere
369 1695 462 1772 potuit
482 1697 607 1758 doitrina
627 1700 741 1770 vocari,

94 1780 165 1857 Quae
186 1774 251 1833 ciam
265 1774 304 1831 nil
322 1775 443 1841 doceat,
465 1774 630 1852 semperque
644 1777 785 1849 relinquat
805 1777 833 1834 in
850 1776 957 1835 umbrie

93 1855 168 1911 Rern
182 1851 231 1909 sibi
246 1851 436 1926 propomam,
459 1863 518 1911 turn
540 1852 661 1912 stulta&
680 1854 771 1912 inania
784 1853 880 1928 prodit

94 1928 225 1987 Somnia:
248 1945 370 2001 namque
384 1927 475 1986 modis
492 1947 585 1990 rerum
603 1930 650 1989 sub
664 1929 780 1989 nomine
794 1930 892 1990 forme

52 2005 161 2066 usPtus
180 2005 269 2063 nimio
284 2007 424 2076 tribuens,
446 2003 557 2079 physica
574 2007 602 2064 in
615 2007 732 2066 moralia
745 2007 847 2070 vertier

95 2082 140 2142 Ac
159 2078 275 2152 stupidis
290 2083 432 2152 animum,
453 2078 480 2136 ἃ
496 2095 610 2140 teneros
626 2083 759 2145 concedit
772 2099 893 2143 amores.

96 2159 162 2216 Nec
175 2158 279 2218 reserat
295 2173 400 2231 quare,
422 2157 469 2214 seu
482 2161 537 2232 qul
553 2159 596 2227 vi,
616 2157 709 2216 nescia
724 2159 829 2223 forma.

96 2235 174 2315 Quid
194 2235 226 2293 fit
242 2251 332 2310 opus,
352 2232 421 2293 miri
440 2245 533 2293 tamen
555 2233 613 2293 hoc
632 2250 705 2315 opus
724 2248 784 2294 arte
800 2235 919 2300 laboret.

135 2389 209 2449 San
232 2388 414 2447 Mentem-ne
425 2386 524 2463 opifex
539 2386 624 2446 habet
639 2374 858 2452 haecmirabili's‚
879 2398 914 2440 an
926 2387 1015 2446 non?

52 2468 170 2529 nontam
185 2465 204 2522 st
218 2466 322 2523 Mente
343 2476 437 2537 caret,
457 2464 508 2539 qul
529 2474 572 2521 tot
585 2462 719 2521 miracula
734 2459 862 2535 promit?

97 2543 127 2602 Si
141 2543 228 2600 Mens
246 2539 300 2611 eil,
313 2537 422 2599 nostre
438 2544 547 2616 superat
554 2538 708 2598 'molimina
723 2534 857 2597 Mentis?

98 2619 268 2697 Quanquam
286 2617 392 2676 etenim
407 2616 595 2676 Astronomus
609 2615 739 2688 regiones
754 2610 865 2689 aetheris
885 2607 953 2668 altre

98 2695 246 2763 Deieribar
259 2694 357 2765 radio,
377 2692 405 2750 ἃ
421 2696 529 2751 Lunam
542 2688 703 2765 ¹Stellasque
721 2687 868 2762 sequutum

98 2770 238 2903 guamvis
255 2769 392 2831 edificare
407 2765 525 2833 domos,
548 2765 720 2833 munimina,
740 2768 858 2838 pontes,

52 2857 92 2908 ιτς
129 2847 368 2921 ευεὴοιῃίηυιῃ,
388 2859 535 2920 parvoque
556 2841 658 2901 imitari
676 2840 794 2915 pulvere
812 2840 935 2908 fultum,

94 2923 138 2989 Et
157 2920 259 2996 rigidas
282 2936 396 2988 cautes,
417 2917 671 2997 &propugnacula
684 2917 763 2976 firma
792 2928 796 2935 '

99 2999 263 3083 Rurnperfi,
285 2999 312 3056 nr
335 2999 364 3056 in
380 3013 478 3056 muros
488 2994 607 3069 iaculari
628 2995 757 3054 incendia
776 2997 869 3057 norit:

99 3075 154 3134 Vel
176 3073 302 3136 trabibus
321 3074 422 3147 juntlis
443 3074 554 3159 ignotas
569 3084 809 3155 quaerereterras,
837 3131 843 3138 .
885 3130 888 3136 .
936 3147 962 3207 L

921 3184 924 3189 ,
964 3164 1018 3208 on·
