2144 3502
105 103 887 199 su eunrnucnnnrus

108 253 173 315 Effe
191 269 299 312 canon
315 253 417 328 coepit;
437 251 457 311 fi
472 252 560 328 longo
576 263 706 330 tempore
721 253 872 331 pothuam
987 312 991 319 ,

57 331 170 407 4¹0lpse
194 343 271 399 erat,
292 345 385 404 ecquo
404 327 522 387 confilio
543 341 651 389 mutata
671 331 802 391 voluntas

110 405 244 470 Numinis
264 406 381 466 aterni?
403 407 475 466 Nam
490 405 509 467 fi
524 421 582 464 non
603 406 659 465 effe
673 407 792 466 decebat

111 482 265 541 Materiem
278 498 311 540 ac
325 480 466 540 Mundum
479 499 487 546 ;
508 498 558 539 cur
571 492 633 550 tot,
653 499 704 542 cur
718 484 794 542 tanta
809 477 940 543 creavit?

111 557 143 618 Si
158 558 218 616 fieri
236 557 346 624 decuit;
367 557 465 631 quidni
479 555 581 632 pribsl
608 557 654 618 An
670 553 720 618 tibi
736 558 838 618 famam

33 668 36 673 -
113 635 153 693 Et
167 634 275 693 cultum
290 631 404 692 voluit?
421 632 494 765 Q
512 631 608 691 credat
621 632 740 692 honoris
755 646 888 694 aventem

61 711 104 766 ⁴⁸⁵
113 711 265 777 Naturam,
288 708 337 766 fibi
351 725 413 782 que
445 709 496 765 atis
516 705 569 779 est,
591 708 661 767 nihil
677 709 770 782 indiga
783 710 886 779 nostri,

111 786 195 846 Sorte
209 787 292 844 beata
306 782 373 841 sual
393 781 469 918 guid
483 795 561 854 erat,
581 784 744 844 mortalibus
761 786 841 864 aegris

111 860 199 940 Qubd
211 857 379 919 manifestari
416 857 496 929 ubie,
517 864 646 934 caecique
661 860 753 919 videri

111 935 298 1010 Suspicione,
317 933 375 992 coli
395 936 470 992 varii
484 934 534 993 sub
554 935 676 1010 imagine
689 953 780 997 rerum

112 1008 362 1085 Omnigentlmque
380 1010 476 1070 Derim
495 1010 640 1080 monstris,
661 1009 811 1087 aliquando
825 1008 923 1086 negari

62 1085 268 1157 ravennanus,
287 1085 427 1145 Interdum
442 1085 560 1156 nesciri,
579 1085 693 1162 pascere
706 1089 783 1148 litem

113 1161 203 1223 Dese
217 1172 397 1237 perpetuam,
417 1160 564 1220 violandas
582 1180 692 1238 ponere
711 1164 806 1241 leges,

114 1239 158 1299 Ac
169 1253 259 1312 genus
273 1237 425 1296 humanum
441 1236 518 1311 vitiis
539 1240 704 1312 permittere
724 1240 813 1300 vellet

113 1315 275 1388 Omnibus,
295 1315 381 1394 inque
397 1312 440 1373 sui
455 1322 601 1391 pateretur
617 1314 739 1390 imagine
755 1316 824 1377 ludi.

956 1415 976 1441 ἲ

151 1468 358 1530 Pamnnnnu
378 1466 506 1545 quamvis
521 1465 627 1527 vastum
649 1465 763 1538 disicite
774 1484 826 1544 per
840 1466 973 1542 Orbem,

65 1546 186 1683 tergum
203 1545 335 1604 redolent
351 1557 476 1604 mentem
494 1543 621 1614 artificis,
642 1542 704 1600 sunt
721 1560 844 1612 corpora
858 1544 1005 1620 quiedam,

149 1637 187 1680 on
202 1633 297 1679 tamen
316 1620 452 1679 infinitam
470 1618 557 1688 adcb,
579 1617 738 1691 summeque
755 1629 920 1689 potentem,

114 1695 176 1756 Aut
188 1692 300 1754 summe·
309 1709 427 1755 cautam.
454 1693 596 1771 Siquidem
611 1694 656 1753 vel
678 1693 796 1768 plurima
812 1693 900 1752 navis

114 1772 224 1844 Turpia
242 1769 304 1829 sunt
316 1770 411 1845 paliim
426 1770 453 1830 dc
470 1768 607 1832 mendose
623 1769 751 1834 condira;
771 1767 851 1827 velit

113 1845 242 1906 Partibus
257 1863 290 1905 ac
304 1849 426 1906 numeris
446 1847 521 1904 dicas
534 1848 692 1923 completa,
708 1844 839 1905 videmus

65 1922 223 1998 ceungeu
241 1923 376 1999 potuisse:
397 1939 509 1983 manum
529 1923 678 1999 Speiiator
694 1938 806 1981 avaram

115 1999 233 2073 Arguit,
253 1999 340 2075 inque
355 1998 435 2057 bono
452 1997 552 2057 melius
567 1997 707 2058 desiderat
720 1998 791 2073 ipso.

113 2075 157 2133 Ut
177 2074 239 2135 sunt
256 2075 369 2134 arborei
387 2073 492 2133 fruitus
512 2073 660 2150 campique
681 2072 805 2144 feraces,

22 2184 28 2221 -,
113 2150 162 2210 Sic
177 2154 262 2211 etiam
279 2147 428 2209 horrenda
440 2161 536 2208 cautes
550 2148 577 2208 dt
592 2148 732 2224 Inhospita
745 2151 827 2222 saxa,

22 2284 26 2305 f
112 2225 162 2285 Sic
175 2228 288 2301 Libyae,
308 2224 465 2300 fluensque
479 2224 556 2284 leves
572 2223 701 2284 undantis
717 2243 816 2286 arena.

65 2302 195 2437 tuffiuid
206 2305 286 2375 juvat
305 2300 439 2360 affiduum
454 2299 551 2361 Solem
570 2299 688 2375 vigilare
702 2300 750 2360 sub
765 2303 851 2363 Arilo

155 2378 264 2437 entibus
286 2375 404 2443 ailivis,
422 2388 576 2451 portasque
589 2374 740 2436 occludere
753 2379 845 2443 noiii;

22 2468 24 2477 ·
115 2452 356 2590 guandoquidem
373 2464 504 2516 concreta
516 2452 582 2526 gelu
600 2467 651 2527 per
671 2464 764 2512 cetera
783 2464 882 2526 torpet
906 2512 922 2543 l

147 2534 280 2607 enipora,
299 2543 354 2588 nec
367 2530 458 2588 civem
477 2528 581 2606 patitur
598 2529 665 2586 nive
678 2528 784 2588 consita
796 2530 904 2591 tellus?

22 2620 33 2644 ²·
117 2605 292 2667 Verberibus
306 2602 452 2678 quotient
470 2602 615 2662 radiorum
628 2615 676 2662 aut
696 2603 769 2663 uitia
787 2604 899 2677 repenti

68 2683 248 2759 5¹0Frigore3
270 2693 343 2758 quot
357 2679 434 2748 rabie
448 2679 546 2751 venti,
566 2690 614 2739 aut
630 2679 759 2752 rubigine
778 2677 869 2748 caci,

22 2790 25 2795 ·
117 2758 178 2818 Aut
198 2759 292 2817 fluviis
312 2771 414 2830 magno
428 2755 484 2818 late
497 2753 707 2829 erumpentibus
728 2752 832 2826 alveo,

22 2880 24 2891 .
117 2833 207 2893 Intem
230 2833 325 2892 estivis
337 2841 386 2892 aut
399 2829 551 2901 imbribus,
571 2841 654 2904 atque
666 2828 791 2902 procelli

22 2948 25 2973 ς
119 2909 196 2967 Gran
220 2908 272 2966 inis
287 2910 430 2977 intereunt
446 2906 500 2964 iata
519 2907 595 2975 leta,
614 2903 819 2981 hominumque
832 2904 971 2972 laborest

22 3040 24 3047 .
118 2985 201 3062 Quot
215 2995 298 3040 necat
311 2997 370 3047 atra
383 2983 443 3041 lues
461 2980 607 3059 populosi
632 2980 713 3059 Quot
733 2983 868 3056 partubus
887 2986 953 3065 lpfis

41 3061 108 3125 „us
118 3062 236 3128 Denatu
250 3059 376 3126 manes?
396 3057 469 3123 Vite
485 3072 557 3143 quot
572 3055 676 3139 ubique
690 3065 825 3139 parantur
981 3142 1014 3205 In
