2144 3502
280 129 914 290 turuait'QinRTUS.
1011 198 1063 259 us

146 317 217 384 Sani
231 335 330 383 mente
345 323 447 398 potest.
466 318 588 385 'sotum'
598 318 793 395 quodcunque
806 333 960 391 vocamus,
1002 370 1006 375 .

144 403 256 459 Natura
271 397 327 457 elle
345 415 381 458 ne
403 401 444 458 uit
457 398 594 458 diversum
609 397 625 454 a
646 398 772 472 partibus
786 393 861 469 ipbs.

124 538 127 543 ,
145 475 221 535 Nam
239 476 266 533 T
268 487 348 535 otum
361 415 416 535 effe
431 475 564 536 nibilnis1
578 473 712 534 summam
731 468 945 548 particularum,

46 602 51 607 .
148 551 307 611 Cernimus,
328 551 404 612 Hinc
423 564 518 611 motus
538 550 558 610 st
577 567 627 624 per
641 549 668 608 se
688 560 808 609 aternus
825 545 962 619 babetur,

86 623 298 686 ¹³⁶5Particulas
313 640 412 687 omnes
426 639 545 687 autentas
564 623 618 684 effe
636 624 746 684 necesse
761 621 810 681 est.

145 704 200 773 At,
222 719 298 778 qua,
319 705 385 764 dum
401 705 564 779 loquimur,
587 703 722 771 veniunt,
743 717 776 758 ac
793 697 930 774 temporis
945 697 1022 756 omui

144 777 299 838 Momento
316 796 404 850 nata,
425 797 480 840 nec
492 780 571 847 beri,
591 793 644 834 nec
659 794 767 851 nuper,
790 788 822 834 ut
840 774 897 850 ipse

145 853 262 926 Credis,
281 871 377 916 erant:
397 872 456 914 non
476 855 538 914 suot
558 865 684 923 aeterna,
703 851 838 928 nullaque
856 845 977 938 proinde

143 930 259 989 AEtcrna
272 933 322 992 esi.
344 934 448 1008 Igitur,
469 928 549 1006 quod
571 927 677 987 constat
700 929 824 1001 partibus
845 927 899 984 illis

83 1007 285 1081 annumeras
304 1009 424 1084 genitis,
444 1021 579 1068 aternum
596 1004 712 1062 credere
726 1003 796 1062 noli.
866 1038 869 1044 ·

143 1081 199 1139 Cur
216 1100 304 1156 gertus
318 1085 472 1144 humanum
490 1084 547 1157 jugi
567 1079 721 1156 reparabile
741 1079 826 1147 foetu,

142 1157 346 1227 Elleborum,
366 1160 495 1237 resteque
511 1159 613 1234 putasi
632 1157 699 1214 Hoc
720 1156 824 1213 scillcet
842 1153 920 1226 ipso,

143 1231 231 1366 gued
248 1232 281 1290 fit
298 1234 438 1309 perpetub
456 1234 660 1312 reparandumt
680 1250 712 1288 uc
727 1231 800 1288 filius
814 1227 870 1284 eise

176 1307 302 1375 ebuerit,
324 1310 495 1386 quicumque
512 1323 600 1388 patet.
622 1309 652 1368 Si
673 1308 761 1373 filium
781 1302 851 1378 ergb

82 1382 217 1445 rarsNon
239 1378 278 1439 est
291 1395 429 1444 aeternus:
449 1389 514 1460 quia
530 1401 654 1461 patrem,
676 1381 738 1441 fine
753 1381 879 1458 priorem

146 1456 299 1531 Agnoscit,
320 1477 379 1536 quo
400 1462 570 1538 proveniens
585 1461 676 1520 exivit
690 1460 719 1518 in
735 1471 825 1517 auras.

141 1532 254 1591 Semina
269 1533 305 1594 de
325 1540 489 1613 arboribus,
508 1537 544 1596 de
562 1532 667 1595 semine
680 1535 817 1612 provenit
831 1532 924 1593 arbos.

139 1608 225 1667 Nulla
239 1613 322 1671 arbos
335 1614 437 1692 igitur,
453 1615 560 1674 nullum
575 1628 691 1690 quoque
704 1610 796 1670 semen
813 1612 849 1670 ab
862 1626 934 1670 aevo.
966 1642 968 1646 Α
1054 1672 1058 1699 ,

121 1741 123 1744 Α
141 1684 188 1743 Sic
206 1698 299 1748 ortum
320 1693 424 1768 cepisse
438 1693 513 1752 diern
532 1691 702 1764 postemque
716 1687 826 1747 neceil'e
844 1686 905 1746 eil:
927 1717 930 1720 ·

80 1762 253 1838 zrsouempe
272 1765 334 1824 dies
352 1770 464 1826 nostem
480 1765 617 1840 sequitur,
638 1763 817 1840 sequiturque
830 1761 905 1821 diem
918 1778 990 1826 nox.

138 1837 249 1897 Neutra
270 1843 364 1913 potest
383 1840 453 1911 ergb
477 1856 529 1913 per
547 1837 593 1911 se,
612 1853 660 1898 aut
675 1851 776 1898 aterna
792 1839 896 1899 vocari.

137 1913 238 1970 Utrum
253 1919 358 1973 etenim
372 1927 466 1972 natam
479 1912 571 1982 dices,
593 1928 719 1973 utrumve
736 1909 906 1989 parentem?

136 1987 208 2043 Non
232 1997 338 2045 aeterno
357 1989 441 2047 etiam
462 1999 573 2064 tempus
588 1988 745 2064 prolabitur
760 2002 835 2053 aum

137 2058 263 2136 Quando
282 2078 318 2119 ex
338 2064 481 2140 particulis
502 2063 638 2200 amemini
651 2081 697 2124 me
713 2063 809 2124 dicere
829 2060 960 2143 pridem)
1015 2083 1017 2088 ⁴

78 2134 257 2210 rausemper
275 2140 430 2214 progenitis
444 2158 498 2200 con
524 2153 567 2209 at,
589 2138 752 2216 semperque
765 2137 887 2196 caducis.

140 2212 210 2281 Ver,
231 2210 340 2286 AEllas,
353 2217 530 2289 Autumnus,
543 2218 668 2292 Hyems,
689 2230 792 2274 aunum
807 2211 910 2273 ordine
924 2211 1046 2282 ducuutt

136 2288 225 2363 loque
240 2289 334 2362 vicem
348 2291 375 2351 ie
389 2293 435 2362 se,
455 2291 559 2354 Mundi
574 2304 746 2429 argument&
757 2292 893 2364 recentis,

138 2365 298 2440 Excipiunt.
319 2368 397 2427 Inter
412 2368 461 2428 irbi
475 2367 654 2433 succedentia
668 2368 715 2428 nul
749 2385 776 2427 tn
796 2369 836 2428 est

139 2440 226 2520 Quod
245 2457 304 2501 non
323 2443 387 2520 poll
400 2445 476 2506 aliud
490 2445 602 2507 veniat:
623 2444 729 2504 nullum
743 2444 812 2521 ergo
831 2445 876 2504 iul
894 2448 942 2508 vi.
1049 2464 1052 2469 ·

78 2519 265 2592 ¹³⁹0'l'empus
282 2518 308 2576 dt
323 2517 415 2596 usque
426 2520 495 2589 fuit;
516 2522 622 2583 nullum
637 2520 786 2581 consriiere
799 2522 904 2596 pollet,

138 2595 166 2652 N
171 2595 178 2650 i
197 2593 282 2652 cause
297 2597 437 2669 arbitrio,
457 2600 577 2675 primum
592 2596 735 2673 quoddam
752 2598 957 2669 ellembertus,

138 2668 165 2726 A
186 2687 244 2745 quo
259 2670 363 2735 deiude
375 2673 463 2736 fluant
482 2675 605 2751 reliqua,
626 2673 798 2747 alternisque
817 2669 969 2735 recursant.

172 2825 336 2903 Qurnrrt,
357 2825 533 2902 respondes,
553 2831 651 2890 nativo
661 2829 724 2904 jure
746 2825 858 2887 moveri

137 2891 241 2956 Ornoia
256 2899 406 2963 dicantur?
425 2903 537 2964 Placeat
556 2909 729 2983 coniungere
749 2914 860 2966 motuni

76 2992 131 3039 ¹395
140 2970 330 3052 Corporibus,
351 2983 448 3042 dotem
471 2996 503 3041 ut
521 2991 679 3062 propriam,
701 2981 806 3041 nullius
822 2985 944 3060 egebunt

135 3051 272 3126 impulsu:
292 3056 391 3117 frustra
404 3056 498 3119 mutila
512 3077 653 3139 quaeretur
668 3061 759 3134 origo.

85 3240 88 3245 Ι
135 3131 217 3195 Talia
233 3135 269 3197 de
283 3135 383 3198 lormis
402 3136 577 3204 dtomuttnn
589 3139 825 3272 ὃοωῑῖκιῑίἓῖὓ
983 3191 1067 3264 χῶ
