2144 3502
120 138 158 197 ιι
288 54 857 185 tnnc-incitamen

115 251 167 312 itia
183 249 235 312 tibi
248 250 325 313 forte
338 248 399 309 est:
419 246 480 305 aliia
496 247 604 306 diversa
623 252 767 327 probetur.

115 329 207 390 Porio
222 340 366 463 paenique
379 322 466 382 trahit
480 323 550 395 sua,
571 339 630 382 non
645 327 736 389 niiena
750 320 899 405 Voluptas,

114 408 207 544 gnam
231 403 380 491 equisque
394 398 486 476 sequi,
509 416 546 459 ne
560 394 592 459 iit
610 401 709 474 miser,
729 409 835 497 absque
854 402 945 471 futuri

89 520 93 529 ·
145 489 228 544 ebeat
239 486 363 546 incana,
384 473 424 534 sas
439 474 481 535 est
499 476 691 554 quodcunque
705 480 828 543 iubebita

21 588 27 600 ·
64 564 155 626 ayone
170 571 231 631 qno
248 551 312 623 jure
325 551 415 610 bonas
431 564 478 610 tua
494 564 522 612 te
539 553 642 611 direxit
659 560 691 612 aa
708 569 795 629 areca,

112 638 184 698 Non
197 629 255 687 atio
270 627 403 705 impulsu.
423 629 473 688 niii
488 646 573 705 quem
593 630 676 688 dabat
690 628 745 704 ipsa
761 633 911 711 voluntas,

112 712 159 769 're
175 705 242 782 quia
257 705 410 782 progenuit
425 705 488 764 casu
503 709 613 766 Natura
632 705 810 789 modestum

111 784 181 844 Hoc
196 779 257 859 ipse
270 783 377 856 pariter
396 797 459 841 mea
475 798 521 840 me
538 785 566 841 in
580 780 668 840 scelus
686 794 772 840 omne
791 787 924 862 vocabit,

113 858 184 919 Non
203 856 260 916 alio
275 846 409 933 impulsa.
429 857 479 916 nin
498 875 582 934 quem
599 858 676 918 dabit
692 850 748 935 ipsa
762 855 870 928 libido,
901 900 905 907 .

64 936 145 998 insi
162 944 281 1011 pravum
294 934 357 993 cain
375 934 486 995 Natura
505 936 603 995 crcint
623 933 735 996 eodem.

112 1014 151 1074 Et
164 1009 349 1071 floccifaciam
364 1009 502 1089 quidquid
518 1008 644 1069 suadebis
659 1008 785 1081 honesti,

110 1088 141 1150 si
160 1089 236 1148 bona
250 1086 327 1147 nulia
342 1085 430 1157 mihi,
449 1085 499 1144 nisa
512 1103 575 1163 qun
588 1088 711 1158 iucunda
725 1085 875 1159 videntur,

109 1165 170 1226 Aut
185 1163 256 1225 nihil
274 1161 398 1223 iiicviti
411 1162 513 1222 meinis
533 1179 694 1238 proponere
712 1164 806 1242 poffic

109 1241 184 1300 Nam
195 1240 319 1314 incunda
331 1241 403 1299 meis
424 1238 483 1297 hec
500 1235 609 1297 caiatiam
623 1237 743 1301 ienfibut
762 1238 836 1314 effe.

57 1321 181 1402 aaoQuae
194 1315 333 1377 defiderto
347 1317 411 1376 sunt
422 1317 639 1387 convenientia,
659 1321 741 1382 novi,

109 1400 149 1459 At
163 1391 330 1455 defiderium
343 1393 372 1452 in
385 1387 471 1452 nobia
491 1402 529 1455 ex
539 1393 637 1454 indole
652 1396 745 1455 nostri

108 1469 256 1543 Nascitur,
277 1483 309 1530 ut
328 1470 412 1529 certis
429 1470 548 1530 veniunt
561 1471 607 1530 sua
628 1470 731 1530 semina
744 1464 837 1531 tertis.

100 1547 172 1618 En!
195 1559 243 1608 tua
259 1544 305 1606 lex
324 1546 409 1622 igitar
421 1544 489 1609 iacit
506 1558 537 1611 ut
551 1544 638 1615 mihi,
657 1560 718 1608 non
735 1545 788 1605 tibi
807 1543 932 1609 caedem

148 1697 362 1760 Pota-nano
381 1693 476 1770 dices,
496 1690 517 1756 ii
535 1712 595 1757 non
613 1693 789 1769 formidine,
807 1692 904 1758 saitem

53 1785 102 1838 ais
112 1775 255 1855 Componi
272 1776 346 1839 cciii
362 1775 468 1851 poterit
482 1770 604 1833 Ratione
627 1770 781 1847 Voluptaet

108 1856 201 1936 Quam
213 1871 272 1914 non
286 1853 426 1920 insanam,
444 1864 504 1907 noa
523 1862 616 1909 rerum
634 1859 763 1910 extrema
779 1858 936 1926 petentem·

109 1931 166 1993 Sed
179 1930 275 1991 medio
295 1929 427 1987 volumus
441 1931 626 1998 contentam,
643 1937 675 1987 ut
695 1926 796 1987 leniter
816 1925 864 1985 itit
893 1972 896 1979 Δ

109 2009 188 2067 Gens
208 2007 330 2066 humana
348 2001 404 2061 frui
419 1998 511 2059 valeat
528 2002 648 2062 mortale
661 2017 713 2078 per
729 2020 838 2067 avum:

109 2085 179 2222 3119
197 2083 231 2143 se*
242 2097 324 2142 more
342 2088 449 2153 gerunt·
460 2076 544 2134 etiam
555 2075 621 2137 ‚fine
636 2080 763 2142 Numine
780 2092 891 2158 genten.
927 2100 930 2105 ·

56 2173 107 2218 aaa
138 2156 218 2220 emm
232 2174 295 2237 qnae
309 2153 394 2216 nobis
412 2152 500 2210 Ratio
514 2147 570 2221 est,
589 2166 673 2228 quani
687 2157 782 2216 dicere
799 2155 922 2219 restani*

109 2238 176 2312 Jnre
190 2235 243 2293 tibi
263 2234 363 2296 licenti
381 2226 482 2287 nostrae
500 2227 549 2302 qui
565 2231 661 2288 munia
673 2233 776 2293 mentis
879 2240 885 2247 ·

108 2308 235 2378 Omnia,
253 2309 323 2382 quin
335 2300 448 2380 ipsas&
467 2313 575 2364 mentes
595 2305 778 2383 turpiterttni
878 2338 882 2347 ·

106 2385 238 2445 Fortunae
251 2379 372 2443 tribuit?
390 2381 463 2461 Qun
477 2379 552 2437 certi
565 2381 628 2458 lege
639 2395 795 2458 reguntur,

109 2461 181 2521 Hac
198 2455 273 2518 reita
288 2455 344 2517 effe
358 2465 484 2532 queunte
504 2453 593 2515 sedin
611 2453 656 2515 hia
692 2476 733 2517 uae
744 2449 820 2517 forti
832 2453 947 2523 cedente

64 2532 305 2609 nonogenerant
322 2533 431 2605 atomi,
452 2531 491 2591 nii
512 2545 636 2602 certum,
656 2476 697 2592 nili
716 2549 834 2610 quoque
847 2537 947 2599 retium

111 2614 143 2672 N
145 2611 248 2669 atinam
262 2608 313 2683 qui
327 2605 354 2667 le
373 2625 419 2668 em
437 2608 605 2684 internaque
619 2607 752 2685 dogmata
767 2608 868 2674 nescit.

108 2687 204 2760 seque
224 2693 305 2759 putat
315 2626 379 2744 caea
398 2683 519 2757 ΐιιέὶιιιιι,
538 2683 609 2744 nihil
622 2686 671 2746 iiie
683 2686 812 2760 proicite

110 2761 184 2821 Cum
199 2760 271 2822 rena
283 2777 433 2821 commune
447 2761 496 2819 sibi
510 2761 634 2822 Ratione
648 2756 761 2824 fatetur.

110 2841 184 2900 Nam
200 2838 278 2915 quod
293 2838 489 2918 percipimus,
515 2839 629 2898 fortuna
648 2839 701 2903 etit
721 2852 806 2915 atque
819 2843 857 2905 itn
870 2858 947 2922 quon

61 2916 237 2978 nonomen
247 2926 383 2994 poterant
394 2908 540 2983 homines,
561 2926 592 2971 ut
607 2909 672 2977 iaisa
687 2929 817 2991 putarent

111 2992 184 3071 Quae
202 3009 278 3054 nunc
291 3005 368 3055 certa
385 3001 506 3069 putant,
520 2990 553 3050 ’ἁ
568 2992 610 3049 bis
624 2992 682 3053 duo
696 2994 821 3073 quinque
836 2994 947 3060 videre'a

114 3073 237 3134 iratum
249 3070 334 3140 etiam
350 3065 523 3146 ennon,
552 3067 633 3149 quod
651 3086 728 3150 nnnc
739 3071 880 3143 landabile
899 3075 947 3168 duc
