2144 3502
161 92 429 183 ‘mesu
486 107 858 199 qunn'rus„
937 123 994 182 109

30 293 44 302 ·-
83 251 122 317 Et
139 249 249 326 superas
268 249 386 314 habeat;
424 246 482 306 uod
504 246 557 305 stet
573 247 722 323 vigeatque
739 239 855 315 suavis

84 330 192 387 Cetera
209 324 259 402 ¹par
278 322 387 382 nihilo:
405 265 456 383 des
474 322 579 398 largam
598 321 729 381 Materiae
745 320 820 388 uim,

84 402 178 478 AEque
198 398 351 462 infinitam3
370 396 416 457 sed
430 414 490 474 quae
511 416 570 458 non
592 397 710 473 impleat
726 394 812 454 illud:
856 466 863 482 ·

55 479 269 554 roeongeneres
290 475 428 544 dromos,
450 474 537 534 varias
550 488 662 537 tamem
682 482 768 545 atque
783 468 879 544 figuris

85 553 226 612 Omnibus
248 548 381 625 infignes‚
400 566 463 609 cum
478 549 660 624 fimplicitatis
675 544 804 611 honore;

85 627 238 696 Extensas,
258 641 314 683 nou
329 622 471 691 dividuam
491 623 547 682 fine
564 627 705 699 partibus,
726 619 834 680 &cum

85 704 224 761 Partibus.
244 699 363 772 Adjicias
384 704 492 762 Totum
508 715 567 758 non
581 700 698 775 amplius
719 690 774 755 elle

64 779 150 835 Uni
163 789 240 852 parte
255 774 306 843 sun
325 790 411 853 atque
430 773 534 834 nrodos
553 791 611 832 non
632 774 688 834 etse
699 771 851 832 modorum

56 853 133 921 ssDe
146 869 260 926 genere:
285 852 431 928 externplo
450 849 592 908 Mundum
612 848 669 909 fine
686 850 812 907 Numine
830 847 960 909 condam.

32 948 34 953 ’
88 927 183 985 Credo
200 925 339 1003 equidem.
360 926 467 987 Verirm
481 928 528 1002 qui
551 937 596 984 tot
614 926 664 984 riui
678 923 798 984 monstra
818 922 952 997 dedisset,

86 1004 164 1062 Huic
183 1017 237 1063 tres
256 1006 399 1080 Anticyra:
421 1002 542 1062 sanando
560 1000 697 1060 nonsatis
717 999 813 1058 effent.
866 1073 868 1077 Ι

124 1157 178 1217 An
196 1154 261 1233 quia
275 1154 443 1227 corporibus
460 1171 518 1214 non
533 1153 631 1215 sufficit
650 1170 706 1214 una
721 1148 849 1211 creandis
927 1151 931 1157 '

88 1232 240 1300 Materies,
262 1230 363 1304 aliquis
377 1231 407 1287 ni
417 1232 513 1307 jungat
531 1232 634 1292 semina
648 1245 759 1297 motus,

57 1310 133 1368 ⁶0Re
157 1308 236 1379 super
257 1305 310 1362 hac
326 1305 417 1364 finon
432 1309 549 1367 meliora
569 1308 716 1368 Lucretius
735 1302 816 1371 edet,

25 1446 28 1453 Ι
88 1383 178 1446 llilem
193 1378 395 1456 grandiloquus
414 1383 531 1454 duitor,
551 1383 671 1442 risumve
685 1381 824 1441 movebit.

88 1457 180 1532 Ergo,
201 1473 239 1515 ne
256 1467 364 1531 partem
380 1456 452 1518 hanc
465 1459 566 1518 leviter
578 1460 703 1518 censoria
718 1456 796 1530 virga

88 1534 256 1600 Praetereat,
277 1550 339 1608 quae
356 1537 494 1610 precipua
509 1534 563 1604 est,
584 1533 675 1595 minus
691 1533 775 1593 ar'dua
794 1531 938 1608 quamuis,

89 1609 174 1667 Nunc
188 1607 383 1683 inquirendum
405 1610 440 1669 de
458 1611 599 1670 Motibus.
621 1611 680 1671 ch
699 1609 851 1685 Epicurum

57 1685 82 1736 ⁶⁵
91 1685 236 1743 Cernimus
257 1686 359 1742 erroris
373 1683 489 1762 scopulo
504 1685 608 1746 altififfe
626 1689 783 1746 volentem.

88 1762 218 1834 Namque
230 1761 315 1818 animi
335 1759 452 1832 dubius⁵
473 1761 536 1820 clun
557 1762 682 1822 naturale
701 1760 836 1821 movendi

40 1867 44 1874 ·
89 1836 259 1912 Principium
273 1835 438 1909 causamque
453 1836 565 1895 Atouria
578 1837 710 1910 quaeliffet
723 1839 751 1896 in
764 1837 846 1911 ipsis,

89 1908 284 1985 oneretque,
305 1920 337 1966 ut
353 1911 532 1971 multimodas
548 1911 625 1972 dedit
637 1914 692 1972 esse
713 1912 831 1987 figuras,

10 2012 13 2053 ι
87 1987 134 2046 Sic
147 1999 266 2059 quoque
285 1984 457 2044 multimodis
471 1987 594 2047 Atomos
613 1988 772 2065 impnlfibus
787 2002 887 2046 omnes

10 2102 12 2107 .
54 2062 209 2135 701Jrgeri3
229 2074 286 2133 quo
302 2059 478 2122 commodius
495 2063 648 2122 transversa
665 2074 769 2138 vagatae

87 2138 255 2196 Obventare
275 2136 323 2195 fini
338 2153 372 2195 ac
389 2152 477 2201 coetus
495 2139 638 2198 celebrare
655 2139 817 2215 frequentes

10 2212 12 2219 '
87 2208 165 2273 inter
183 2211 210 2270 se
228 2212 354 2287 pelleum
375 2211 475 2286 solam,
497 2233 558 2290 quae
577 2232 677 2275 munus
693 2215 800 2284 obiret,

87 2289 200 2348 Invenit
211 2290 386 2362 gravitatem.
407 2292 445 2350 Et
461 2307 521 2352 eam
535 2291 571 2350 fic
586 2292 704 2350 nexibus
724 2290 803 2351 arilia

89 2365 175 2423 Omni
187 2364 316 2427 Materiae
334 2366 508 2441 conjunctam
523 2367 627 2436 edixit,
648 2368 683 2426 ab
696 2365 742 2425 ills

54 2437 81 2483 ⁷5
89 2442 238 2517 Nunquam
257 2456 288 2503 ut
302 2439 398 2502 divelli
414 2444 516 2518 quovis
529 2443 675 2502 molimine
688 2442 794 2519 pollet:

88 2517 203 2592 Propria
219 2536 273 2580 ceu
294 2518 345 2590 reji
359 2533 459 2578 natura
473 2530 558 2595 atque
580 2520 680 2585 intima
695 2520 794 2582 virtus.
858 2520 860 2525 ’

31 2690 36 2697 ·
127 2667 262 2731 Vanum
280 2672 452 2733 Democrito
468 2669 610 2746 quondam
622 2672 680 2734 hec
697 2672 836 2751 elementa
853 2672 985 2747 docenti,

88 2744 167 2832 Quae·
180 2759 261 2804 vetus
281 2761 346 2807 ante
358 2764 457 2807 omnes
473 2747 632 2824 Leucippus
649 2749 763 2811 tradidit
776 2753 885 2823 audior,

90 2821 120 2877 Sr
140 2835 198 2876 non
214 2818 374 2895 &primum
392 2824 521 2884 Phoenici
542 2823 637 2887 debita
651 2827 797 2899 Moscho,

41 2890 263 2979 .⁸⁰Responsum
277 2895 381 2968 fuerat,
400 2901 448 2958 tali
464 2897 539 2958 haud
550 2902 704 2977 primordia
718 2917 797 2964 motu

88 2967 218 3035 Mrscern
239 2966 342 3029 nedum
352 2974 486 3059 regredi,
507 2990 555 3036 aut
570 2979 712 3037 incurrere
729 2978 849 3054 pollent.

87 3044 222 3120 Namque
235 3042 373 3120 parallelo
391 3053 524 3114 aternum
543 3051 670 3116 ductibus
688 3053 784 3116 ibuntr

947 3090 1029 3181 nee
