2144 3502
94 39 139 117 ἔξω·

36 136 133 224 ³:9⁶
262 139 842 214 unni-ructemus

96 281 230 344 Restituit
246 290 426 353 commenta,
453 282 565 356 suisque
584 285 726 346 erroribus
745 285 823 345 aurit

98 361 185 422 Ornnr'
206 361 253 418 eni
280 358 453 418 Srrnosr
478 359 535 417 Dei
550 357 718 434 fabricator,
738 362 765 422 dt
782 359 890 420 Orbem

97 378 250 514 Appetiare
263 435 376 503 Deum,
399 453 436 495 ne
459 435 523 510 quis
542 434 623 494 Deus
637 437 758 514 imperet
769 435 849 506 orbi,

97 515 247 588 Tanquam
263 510 331 570 effer
343 509 445 574 domus
460 509 516 588 ipsa
531 508 647 570 domum
663 516 711 588 qui
731 511 878 582 condidit,
897 511 986 574 ausura

48 587 145 650 ⁸¹0Sic
159 588 287 647 rediviva
305 603 386 647 novo
405 587 474 648 sese
495 588 649 647 munimine
662 590 751 648 cinxit

97 666 246 736 Impietas,
266 663 462 741 tumidumque
480 664 535 723 alta
554 675 638 740 caput
653 665 754 724 extulit
773 682 847 725 arce.
961 698 964 703 ·

96 740 212 799 Scilicet
226 757 262 799 ex
279 751 342 799 toto
356 749 448 800 rerum
464 740 670 820 glomeramiue
686 741 802 798 Numen

95 815 275 886 Construnit,
296 819 341 874 cui
356 817 409 876 iint
421 834 474 894 pro
494 824 616 894 corpore
633 824 754 890 corpora
768 817 885 891 cuneta,
912 848 915 855 ·

95 894 133 950 Et
148 892 251 950 cunuae
266 904 374 953 mentes
395 911 451 970 pro
469 906 582 966 mente,
600 888 736 967 flmul'que
755 895 873 964 perenni

47 959 88 1010 ‘¹⁵
98 968 153 1037 Pro
166 966 221 1024 vita
236 982 321 1045 atque
335 986 416 1039 evo,
434 969 499 1039 iuna
514 968 648 1044 temporis
668 965 724 1041 ipsa
744 963 859 1037 caduci,

94 1043 133 1102 Et
146 1043 194 1118 qui
210 1044 346 1104 seclorum
357 1034 430 1120 judis
444 1044 606 1103 devolvitur
620 1041 706 1101 ordor

94 1119 170 1179 Pana
185 1133 282 1194 putens
302 1135 362 1178 non
375 1121 520 1180 Arcadicis
540 1119 568 1177 in
583 1119 727 1179 montibus
746 1115 824 1175 iilum

92 1195 302 1272 Capripedetn‚
323 1195 370 1253 cui
384 1194 522 1270 sylvicolae
536 1210 623 1269 pecus
643 1211 730 1254 omne
742 1193 902 1268 sacrabant,

93 1273 241 1350 septiforn
256 1269 365 1331 solitum
382 1270 491 1329 calamo
505 1270 624 1346 Syringa
638 1279 764 1339 vocare,
821 1336 824 1340 ,

44 1349 253 1424 tzosettarique
266 1347 343 1406 leves
365 1348 439 1406 inter
451 1358 568 1406 nemora
582 1347 644 1406 avia
657 1347 817 1423 Nymphas,

94 1427 311 1498 Cornutumque
324 1434 407 1499 caput
421 1421 495 1481 lenta
515 1425 686 1500 p'rae‘cingere
700 1426 784 1498 pinu,

90 1502 210 1564 Mittere
225 1498 252 1558 dt
267 1494 377 1558 insanos
396 1516 448 1574 per
467 1499 604 1574 agrestum
624 1497 862 1568 condemnantem

91 1575 148 1638 Sed
163 1578 211 1650 qui
225 1574 375 1649 magnifico
390 1575 531 1636 referebat
548 1576 666 1635 nomine
682 1574 836 1635 Mundum.

90 1649 238 1734 Quidquid
252 1651 327 1710 enim
343 1649 400 1722 est,
422 1650 470 1727 ipsi
489 1651 569 1709 Deus
586 1652 646 1722 est,
668 1650 742 1708 idern
763 1668 834 1711 unns
850 1652 876 1712 dt
893 1646 996 1716 omnin

40 1731 129 1792 ⁸2rAt
148 1728 214 1803 quia
237 1726 315 1803 quod
329 1741 381 1802 per
392 1727 420 1786 se
432 1727 486 1798 est,
508 1725 643 1786 infinitum
659 1727 713 1786 effe
727 1728 835 1786 necesse
857 1728 911 1798 est,

90 1808 156 1866 Nec
172 1818 264 1862 tamen
281 1802 309 1860 id
329 1819 421 1862 rerum
436 1803 462 1860 in
478 1812 614 1863 numer03
633 1804 711 1862 velut
723 1802 788 1863 ante
801 1802 939 1866 docebam
945 1839 955 1876 5

90 1882 142 1942 Fas
161 1881 284 1956 reperire
304 1874 373 1942 futu
392 1877 519 1938 monstro
532 1877 570 1937 nil
586 1879 717 1951 territus,
738 1894 853 1941 omnem
984 1884 987 1889 '

89 1957 205 2027 Abiecit
220 1962 382 2022 numerum:
403 1967 456 2012 nec
471 1954 565 2014 multis
580 1956 705 2029 partibus
720 1956 827 2014 auitam

90 2033 220 2090 Materiae
233 2033 364 2089 summam
379 2029 471 2088 voluit
489 2029 671 2101 Seruum,
692 2030 739 2090 sed
759 2047 843 2092 unam

38 2115 83 2165 *ιο
91 2109 185 2184 Atque
200 2107 371 2166 individuam
388 2104 456 2165 vere
470 2103 525 2162 sme
539 2107 664 2177 partibus
685 2106 763 2174 ullis,

88 2181 310 2256 immensamque
324 2179 469 2241 Atomum.
494 2179 620 2238 Demens
637 2181 686 2255 qui
702 2178 818 2252 seipse,
839 2182 993 2264 Deumque

87 2254 228 2317 Confudit
241 2259 316 2316 ranis
335 2274 368 2314 ac
387 2254 526 2319 muribusr
553 2253 738 2329 &proprium
758 2251 799 2308 nii
984 2258 990 2263 '

85 2332 175 2394 Sennt
190 2331 275 2389 ineffe
290 2332 357 2405 sibi,
377 2330 423 2390 vel
437 2329 500 2389 cum
517 2330 544 2388 se
565 2329 634 2388 scire
648 2329 760 2387 videret

83 2411 236 2483 Ignorante
256 2407 331 2480 aiio,-
350 2415 434 2483 atque
453 2407 509 2466 aiio
524 2406 636 2466 laetante
650 2403 794 2481 doleret..¹

37 2486 78 2537 ω
88 2475 237 2559 Egregium
260 2483 374 2543 Numen
391 2483 482 2544 cultro
501 2481 581 2559 quod
596 2479 722 2559 scindere
736 2480 837 2554 poffis!

87 2563 156 2622 Non
173 2556 326 2629 scindetur,
347 2560 387 2631 ait
427 2559 557 2637 quamvis
574 2573 638 2633 que
652 2557 778 2614 membre
789 2557 922 2622 videntur

90 2637 228 2714 Curporis
243 2635 367 2695 immensi
386 2600 461 2696 forte
473 2635 502 2692 in
519 2630 626 2693 diuersa
639 2632 768 2690 locorum

88 2706 993 2791 Transtulerim3quodscinditenim,&quodsclnditununumesp

86 2790 205 2851 Insuiie:
225 2790 244 2848 fi
266 2786 445 2856 carnificem,
464 2785 644 2862 gladiumque
656 2792 758 2845 necato
921 2808 924 2817 ·

39 2865 229 2942 rquistingui
244 2866 332 2936 nolit,
352 2881 406 2923 nee
424 2865 610 2939 progenitore
625 2874 765 2935 creatum,

88 2945 120 3006 N
122 2960 155 3002 ec
168 2942 278 3019 pastore
291 2941 391 3018 iupus,
411 2949 466 2999 nee
479 2939 553 2998 vivis
565 2937 629 2999 Ince
641 2938 778 3002 carentem

124 3095 215 3157 Nan
232 3095 329 3158 varios
350 3104 466 3158 retunt
486 3092 589 3159 modos
604 3092 739 3173 affunrere
754 3101 883 3175 quamvis

905 3177 991 3214 'hem
