2144 3502
200 140 215 197 r
256 92 478 205 tranat
515 126 721 198 ¹'noar
746 118 828 192 r'o
853 123 942 191 sse
970 141 1013 203 2⁹:

116 274 268 347 olimque
283 270 455 331 stomachum
471 269 543 342 Regi
559 265 719 326 commovit
738 265 838 333 ibero,
932 332 938 349 1
961 260 988 301 '³

115 350 206 408 Prisca
231 348 270 406 sui
291 346 400 423 liquisse
419 347 504 404 chaos
524 344 641 418 velligia
661 342 770 399 credas.

64 427 107 470 ¹⁹⁰
116 429 230 484 Nature
245 439 305 482 non
320 422 360 482 est
380 440 450 499 opus
470 421 542 486 hoc3
566 423 612 478 via
635 418 740 476 scillcet
756 414 809 472 olli
883 487 886 491 ι

114 498 282 592 Simplex&
297 497 442 568 conllans,
463 509 547 556 terror
568 495 771 564 immutabilis,
792 505 875 546 unus.
924 560 927 566 Ι

114 578 221 633 Verum
237 574 275 634 est
296 575 410 633 Natura
429 589 569 644 concors,
588 588 697 646 perque
712 567 808 628 omnia
822 564 924 639 grell'u‘

113 653 158 710 Ire
174 651 233 726 pari
249 649 338 718 felix,
356 649 444 708 nostri
462 647 590 706 donrrna
606 647 723 706 Poloni:
897 661 902 671 ·

113 729 232 805 Qualem
251 736 415 784 exornatam
435 724 487 782 tibi
503 740 577 780 nunc
591 722 739 781 ostendere
760 735 867 787 conor,

59 806 102 849 ¹⁹5
115 809 174 863 ceu
188 803 254 862 Veri
268 801 423 876 specimen,
445 816 500 857 ceu
523 799 654 858 Numinis
671 809 877 874 argumentum.
929 825 931 829 <

148 952 263 1031 Quart
281 952 369 1028 longe
385 950 498 1026 lateque
512 961 590 1026 patet
604 947 661 1007 stne
677 947 766 1008 limite
785 958 857 1008 noto

110 1029 235 1088 Mundus
258 1030 321 1098 iric,
341 1027 487 1095 Allrorum
506 1027 601 1093 locus,
624 1025 652 1082 ln
674 1041 731 1097 quo
746 1026 815 1084 Fixa
834 1030 979 1093 morantur

110 1107 152 1163 Ut
167 1105 287 1162 foveant
302 1103 419 1177 spherus
433 1103 530 1160 aliena
546 1101 616 1159 lucis
636 1112 772 1174 egentes,
944 1118 946 1123 ·
976 1104 979 1111 '

110 1182 141 1237 ln
156 1197 215 1253 qno
228 1179 280 1237 Sol
300 1180 443 1252 propriam
462 1189 542 1237 tenet
557 1179 630 1234 inter
643 1175 728 1234 millia
743 1175 856 1246 sedem,

55 1252 216 1312 200Vlvida
236 1254 381 1315 materies.
403 1253 512 1324 tenuis,
534 1250 709 1328 liquidilfima
728 1262 821 1309 totum

109 1327 231 1400 Implet,
251 1327 356 1402 ubique
369 1324 409 1386 sul
425 1327 537 1400 srmllis,
559 1329 607 1402 qui
622 1327 725 1386 dicitur
744 1327 841 1384 ether.

110 1405 209 1476 thue
225 1403 301 1460 orbis
323 1415 458 1462 terrarum
475 1405 503 1464 in
519 1404 637 1480 plurima
652 1403 752 1476 Regna
770 1401 892 1470 secatur,

111 1480 148 1536 Et
169 1480 286 1552 partitur
303 1477 376 1537 idem
397 1479 548 1540 Provincia
570 1480 686 1557 piurima
706 1479 882 1553 Regnumr·

112 1556 157 1613 Sic
176 1552 373 1614 &vorticibus
395 1573 536 1634 compago
552 1557 610 1616 haec
623 1555 743 1614 maxima
758 1551 868 1612 constat
975 1560 978 1566 '

56 1631 280 1702 ammoneris,
301 1631 372 1690 alios
388 1633 415 1691 in
431 1635 457 1692 se
475 1633 623 1709 multoque
642 1632 766 1691 minores

110 1707 284 1783 Complexls.
313 1709 421 1767 Omnes
440 1710 468 1766 in
482 1721 601 1780 centro,
621 1707 667 1766 vel
679 1722 769 1782 prope
781 1717 910 1771 centrum

109 1784 221 1859 Corpus
241 1785 348 1842 habent
367 1783 483 1856 aliquod
496 1782 636 1852 medium,
657 1781 821 1858 molemque
837 1778 998 1848 rotundam,

109 1859 222 1916 Inclusrs
236 1876 297 1932 qua
313 1858 469 1914 vorticibus
484 1856 561 1915 sedet
575 1857 672 1914 intima
688 1857 795 1926 moles,

110 1937 148 1992 iit
168 1935 261 1990 minor
275 1930 331 1995 est,
351 1926 502 2004 tropaea,
525 1929 656 2006 diemque
676 1930 787 1988 aliunde
800 1945 943 2009 receptam
972 1945 982 1969 '⁴

55 2009 176 2064 uonna
193 2017 273 2081 parte
287 2005 327 2062 sul
346 2003 453 2062 tantam
468 2005 618 2080 persentit,
639 2006 667 2064 in
683 2007 788 2064 umbris

111 2079 210 2140 Altera
231 2079 297 2139 dum
310 2079 440 2154 languet,
462 2081 555 2140 radios
570 2081 698 2141 habitura
716 2080 843 2143 vicissim.
921 2152 924 2157 ,

112 2156 242 2230 Cingitur
255 2154 395 2215 interdum
414 2156 495 2216 srmili
514 2159 650 2217 comitum
664 2156 825 2228 famulatu,

112 2229 327 2307 Sunsrdmmque
341 2234 413 2308 petit
427 2233 475 2293 srbi
490 2233 603 2292 luminis
618 2231 684 2294 inde
704 2232 813 2292 reflexi.

114 2309 259 2372 Maximus
277 2320 306 2365 at
324 2322 440 2377 vortex,
461 2326 532 2368 unus
553 2311 602 2384 qul
617 2308 748 2369 continet
768 2326 885 2384 omnes,

59 2397 103 2441 215
115 2382 236 2443 Pollldet
251 2383 402 2452 in-medio‚
423 2385 469 2444 sua
485 2402 538 2444 ceu
590 2384 728 2460 ecordia,
748 2385 820 2445 fidus

111 2457 279 2536 Igniserum‚
300 2465 375 2518 certi
391 2478 531 2538 nunquam
585 2461 703 2520 statione
720 2462 875 2536 recedens,

112 2539 204 2598 Artem
223 2536 271 2595 sed
286 2538 430 2613 proprium
452 2540 527 2598 circa
546 2537 684 2612 vertigine
698 2556 801 2614 gyrans

111 2615 264 2690 Perpetua,
285 2617 339 2688 qua
360 2616 511 2690 corripitur
533 2613 711 2674 circumfluus
725 2615 822 2673 ather.

113 2691 222 2748 Cetera
240 2689 410 2768 composrtos
425 2692 550 2753 intrantia
565 2706 687 2766 corpora
700 2701 796 2747 motus

61 2763 305 2841 mueoncipiunr,
325 2766 500 2844 sparsumque
517 2769 614 2845 legunt
627 2783 664 2824 ex
679 2763 780 2823 ordine
796 2763 915 2829 lumen,
970 2781 980 2808 ²

116 2840 151 2896 Vi
167 2848 281 2916 propria
299 2843 443 2918 splendent
457 2843 545 2916 ergd,
564 2859 626 2918 qua
646 2840 701 2900 lixa
722 2853 861 2902 vocantur

116 2913 228 2981 Sidera;
238 2920 241 2925 ’
250 2918 372 2992 dumque
385 2917 449 2975 suos
463 2920 568 2992 agitant
586 2916 622 2974 de
636 2930 717 2974 more
731 2915 878 2992 Planetas,
921 2957 924 2961 -

118 2991 250 3048 Attamen
266 2992 294 3045 in
312 2991 407 3050 medio
426 2992 576 3069 perstantla
591 2993 700 3052 vortice
719 3008 844 3069 regnant.

118 3066 205 3126 Tales
222 3064 252 3151 ln
267 3064 349 3125 Caelo
367 3067 493 3139 eante&
510 3067 606 3146 Idea,
626 3065 765 3144 Pegasus,
784 3073 889 3150 slrgo,¹

26 3181 30 3188 ,
94 3197 97 3203 ,
715 3144 743 3206 T
763 3161 784 3217 ι,
935 3141 1013 3200 *Nu
