2144 3502
121 158 123 162 ⁴
228 161 446 227 ereren
509 156 851 247 Quantus.
933 164 999 228 ass

91 293 211 371 lulgura
225 291 296 353 dent
315 293 446 369 nigrante
458 295 530 372 polo
545 293 712 370 fulmenque
728 283 922 352 tremendum:
942 313 946 322 ·

57 373 153 450 erud
165 371 293 441 ratione,
313 368 407 428 ferens
426 370 499 430 inter
513 386 720 450 tremorumque
733 361 870 434 recessus,

88 447 214 506 l'luxerit
235 448 387 505 innocuum
403 446 497 521 priscis
511 445 679 508 mortalibus
695 457 802 507 avum:

89 521 243 582 AEdificare
262 519 349 591 casas,
372 520 508 584 &aratro
520 523 629 584 findere
645 536 769 589 terram,
893 587 900 599 ‚

88 598 159 695 Qua
180 595 259 655 causa
277 596 418 674 impulerit
437 599 569 662 miseros:
591 601 641 676 qui
657 598 773 658 morbus
793 591 917 656 Athenrs
979 635 983 649 .

59 702 62 709 ·
90 672 263 749 braisando,
282 690 409 750 magnam
422 676 544 737 vidudrit
563 675 674 735 ciuibus
688 674 797 733 urbem.

58 751 158 809 sotsac
171 747 199 807 lit
213 749 291 826 plura
306 766 425 822 canens,
446 752 531 812 avide
549 753 628 811 bibat
648 768 699 808 ore
719 747 823 808 diserto

89 825 226 900 Pegaseos
238 827 351 893 laticest
369 825 397 885 dt
412 845 518 887 nomen
532 826 638 903 grande
652 827 765 892 Poetae,

88 901 160 960 Non
176 901 313 977 Sapientis
332 912 419 962 amet.
438 907 534 965 Larrro
549 902 678 978 insrgnire
691 901 823 958 Pobtamv

76 975 159 1052 ⁵Quis
175 976 308 1039 dubitet?
328 980 438 1038 Primus
454 977 611 1038 viridantes
630 978 688 1052 ipse
707 992 829 1034 coronas

68 1053 233 1128 ‘lrrrponam
253 1054 355 1129 capiti,
377 1051 528 1115 &meritas
549 1072 602 1131 pro
616 1054 741 1113 carmine
761 1049 856 1109 laudes

61 1147 83 1191 rr
94 1128 164 1187 Ante
177 1129 248 1188 alios
270 1130 379 1188 dicam:
401 1128 466 1190 dum
482 1129 587 1190 scilicet
603 1131 650 1189 ille
669 1125 801 1187 docendo

37 1267 38 1271 Ἰ
90 1204 250 1270 Abllineat:
270 1220 327 1264 nec
340 1206 488 1266 mortifero
501 1246 512 1276 ‚
527 1223 587 1265 ‘ceu
601 1204 706 1282 perfida
719 1202 815 1270 Siren,

42 1308 45 1331 r
89 1280 197 1338 Gelliat
211 1280 321 1352 ignaras
334 1290 420 1338 cantu
433 1280 505 1344 male
524 1283 643 1360 perdere
656 1292 766 1358 gentes.

127 1429 281 1489 sununs
301 1431 451 1494 humanum
471 1434 518 1494 eil.
538 1437 659 1511 Ereptus
672 1433 767 1496 navita
785 1431 861 1498 lero,

88 1506 148 1583 Qui
166 1507 253 1576 freta,
274 1509 323 1583 qui
336 1511 484 1584 scopulos,
505 1509 770 1585 debacchantesque
786 1503 925 1584 procellas

55 1583 224 1653 eooceano,
245 1581 272 1642 dt
290 1585 385 1661 Syrtes
400 1599 485 1661 atque
503 1587 712 1647 Acroceraunia
731 1588 817 1655 vicit,

90 1657 126 1715 Et
142 1673 215 1717 nave
230 1659 367 1722 incolumi
387 1677 478 1722 totum
501 1663 594 1722 audax
608 1664 705 1724 ambiit
720 1662 845 1733 Orbem,

87 1732 100 1788 1
121 1733 149 1791 so
166 1735 194 1793 in
208 1736 356 1811 conspeetu
370 1739 481 1814 patrie,
502 1751 588 1812 atque
603 1741 631 1797 in
652 1740 748 1798 littore
760 1754 833 1799 noto

117 1809 240 1881 brulwe,
261 1816 438 1888 puppimque
452 1810 480 1869 ds
495 1829 604 1870 merces
617 1830 730 1887 equore
743 1814 856 1887 mergit.

51 1954 55 1963 .
88 1882 172 1945 Haud
189 1888 270 1944 aliter
286 1888 334 1959 qui
349 1887 488 1945 Naturam
507 1884 700 1959 &primordia
714 1904 807 1945 rerum

47 1960 222 2034 eslndagnnt
236 1961 347 2029 animo,
369 1959 503 2033 durisque
525 1958 669 2020 laboribus
689 1959 795 2022 audent

86 2036 193 2094 Totius
214 2048 332 2091 arcanos
345 2034 451 2094 Mundi
465 2048 574 2098 tentare
588 2037 723 2104 recessus,

87 2111 139 2168 Nil
155 2109 273 2176 miruur,
293 2109 312 2167 st
331 2108 447 2185 quando
460 2113 506 2173 vii
524 2111 659 2187 tantisper
670 2116 820 2180 aberrents

86 2185 147 2244 llut
164 2185 285 2254 Verum,
305 2190 390 2246 toties
405 2186 526 2248 feliciter
539 2187 604 2247 ante
623 2202 781 2265 repertum,

87 2259 233 2320 Pollremb
251 2261 333 2321 iludii
351 2262 468 2340 quidam
485 2262 609 2323 satietate
626 2265 797 2338 relinquant.

46 2334 142 2396 70Sed
163 2338 284 2415 quinon
304 2341 434 2416 stupeas,
454 2339 601 2399 hominem
620 2341 770 2415 explanare
784 2343 938 2419 professum
993 2412 997 2417 ,

86 2413 189 2473 Omnia
210 2431 271 2491 qua
285 2415 409 2486 latitant,
434 2415 558 2490 Verique
577 2415 723 2476 recludere
738 2416 855 2495 sontes,

85 2490 133 2550 Ne
144 2507 234 2567 genus
249 2491 404 2554 humanum
426 2493 474 2554 iub
490 2490 654 2566 Relligione
668 2492 762 2552 severa

83 2567 218 2628 incass'um
232 2569 374 2643 trepidet,
395 2568 480 2647 seque
501 2567 529 2627 in
544 2566 616 2629 mala
630 2567 746 2628 vincula
761 2571 874 2642 trudat,

84 2644 156 2702 Tam
175 2642 225 2702 ilbi
248 2645 408 2706 discordent
423 2642 685 2722 ammadversum,
706 2656 738 2704 ut
759 2646 952 2720 Relligionem

50 2717 174 2808 ⁷⁵Queis
196 2719 292 2781 frustra
313 2733 403 2783 tentat
417 2720 597 2787 convellere,
618 2731 750 2797 protegat
765 2724 867 2788 armis,

86 2790 213 2867 telaque
228 2795 304 2855 nulla
326 2811 421 2872 gerat,
443 2799 545 2872 quibus
562 2796 637 2857 haud
657 2795 815 2857 feriatur&
832 2794 905 2873 ipse:

76 2864 160 2949 ‘Tela
180 2867 329 2953 Gigantum
342 2874 424 2933 ausus
445 2874 546 2932 iterum
562 2885 666 2932 conata
686 2873 830 2950 superbos.

85 2943 212 3017 Humani
224 2946 336 3016 generis
352 2965 411 3008 non
433 2949 552 3018 vindex,
576 2949 615 3008 all
630 2949 746 3026 Epicuri
831 2962 834 2966 ·

86 3018 183 3094 Atque
197 3016 360 3094 Voluptatis
377 3024 490 3084 tubicen
501 3067 521 3094 ,,
532 3025 664 3098 primaria
679 3023 774 3085 monis

51 3094 225 3175 toPrincipin
241 3093 269 3156 in
283 3091 350 3161 fietis
366 3097 478 3165 Atouria
492 3098 620 3178 promisit
639 3099 780 3238 baffi
944 3173 1040 3242 Q&

66 3208 71 3215 .
574 3200 577 3207 ·
727 3190 748 3247 S
792 3192 795 3197 ·
978 3188 1006 3222 NK
1039 3243 1042 3247 ⁴

652 3280 679 3311 Χ
