2144 3502
207 136 431 221 brnen
497 145 883 210 snper-nus.
944 162 974 208 :2

93 288 137 348 En
154 283 265 360 Cybele
280 297 376 352 mera,
398 297 482 354 quam
497 280 587 356 bijugi
603 295 708 339 verere
721 278 821 337 leones

92 363 247 422 Montibus
262 361 292 418 in
305 357 451 441 Phrygiis,
472 359 702 436 Corybantiaque
716 373 770 431 aera
782 355 929 435 sonabant.

131 514 203 572 Seu
223 513 286 590 quis
299 508 350 572 eod
362 509 447 570 foetus
460 509 516 581 ipsa
529 510 557 569 in
571 509 689 570 Tellure
705 508 834 568 creavit?

41 597 88 633 ¹²0
95 590 152 648 Vas
167 589 226 659 est,
245 605 304 648 non
317 587 423 663 opifex.
450 587 509 645 Hic
525 601 552 646 te
566 601 612 646 tua
627 586 721 645 fabula
736 585 822 655 saliit,

94 667 132 724 Et
142 666 260 742 jugulat.
290 665 358 747 Quo
373 663 493 720 consilio
532 669 586 738 qui
604 674 699 722 mente
712 662 832 721 subortis

91 743 151 800 Lac
165 741 375 817 tempestivum,
398 740 476 810 cujus
490 708 526 796 de
545 756 661 798 munere
677 736 780 798 fluxit?

91 817 166 876 Nam
180 818 198 876 si
214 818 289 876 rastis
305 817 389 890 inops
402 813 522 874 venisset
535 815 605 873 lucis
622 816 649 872 in
665 832 761 886 auras,

90 892 216 953 Maxima
230 911 294 971 pars
310 890 484 950 animantum
497 892 585 950 eheu!
608 893 655 950 vix
671 904 733 950 nata
744 889 873 965 perisset:

40 968 195 1045 ¹2³8ugere
205 963 264 1029 ¹nec
277 969 374 1027 limum
387 979 515 1042 poterat,
536 984 589 1025 nec
601 966 735 1025 mandere
750 983 881 1042 gramen,

88 1045 155 1105 Nec
168 1059 260 1105 vento
275 1044 409 1114 saturari,
429 1056 478 1102 aut
491 1061 565 1118 puro
580 1043 685 1101 lumine
701 1043 784 1101 Solis.

88 1122 220 1198 Impietas
235 1123 292 1179 hue
310 1134 401 1192 usque
414 1121 506 1176 virum
520 1119 638 1177 insanire
651 1119 760 1193 cobgiti
835 1138 845 1153 ·

87 1199 218 1256 Numine
234 1195 391 1259 destrustm
409 1192 539 1254 Fortunae
552 1193 668 1255 tradidit
681 1211 779 1252 amens

88 1273 226 1330 Numinis
238 1267 378 1328 officium!
405 1268 496 1350 Quim
509 1270 633 1345 prudens
649 1269 925 1346 ququue‘benigna

39 1348 162 1406 1³0Haec
176 1348 300 1404 Fortuna
313 1344 382 1404 fuit!
404 1348 475 1427 Qua
488 1346 678 1406 munificentia
692 1348 798 1416 maior,

90 1423 150 1482 Aut
163 1438 226 1497 quae
240 1439 305 1481 curu
317 1420 405 1494 magis
421 1437 546 1484 materna
562 1423 687 1482 inrebus
700 1419 821 1480 alendis!

88 1499 147 1635 ssui
163 1498 248 1558 taiern
261 1497 387 1575 aproscit
402 1501 512 1573 casum,
532 1516 591 1559 non
608 1500 715 1574 indiget
730 1498 790 1557 ullo

122 1577 223 1636 uminis
241 1575 365 1637 auxilio:
384 1578 454 1653 quin
467 1577 560 1637 casum
573 1575 648 1635 haud
664 1575 720 1634 esse
734 1574 852 1646 fatetur,

84 1653 252 1732 invitusque
265 1652 361 1714 Deum
372 1654 542 1715 commentis
555 1655 639 1730 ponit
653 1654 681 1712 in
696 1652 768 1730 ipfis.

37 1808 78 1855 ¹³5
123 1805 197 1868 Suu
217 1824 268 1864 cur
279 1807 341 1863 haec
353 1803 485 1878 praeclusa
499 1806 547 1864 via
565 1803 623 1873 est;
648 1821 702 1863 nec
714 1806 770 1877 jam
785 1805 905 1884 amplius
916 1804 974 1866 ulla

87 1883 270 1955 Consurgunt
287 1882 322 1937 ab
335 1878 424 1937 humo
436 1879 577 1953 pecudes,
597 1881 804 1956 hominumque
818 1898 937 1943 caterva.
946 1882 971 1963 ?·

84 1961 157 2091 Sua
169 1972 247 2014 nova
261 1965 317 2013 tam
333 1952 426 2013 subitb
441 1953 571 2028 pariendi
587 1956 730 2014 invertere
743 1962 829 2017 ritum

114 2033 136 2089 is
151 2030 261 2106 potuim
280 2030 457 2106 Terramque
468 2028 569 2099 jubens
584 2031 769 2103 steriiescere,
790 2034 856 2093 solis

87 2109 144 2169 Aut
160 2104 284 2165 reserans
298 2106 522 2181 vegetabilibus,
544 2123 621 2166 nuuc
633 2123 720 2168 omne
733 2112 850 2167 creandi

37 2182 223 2243 ‘sufficiun
237 2181 266 2238 in
280 2180 295 2239 s
311 2183 386 2243 ecies
398 2182 570 2245 animantum
586 2183 725 2244 transtulit
740 2183 829 2261 ipsas:
907 2232 911 2242 .

85 2262 124 2321 Et
137 2256 250 2319 constas
265 2258 274 2316 i
296 2275 332 2318 eo
344 2258 425 2322 sexus
440 2259 566 2320 distinxit
584 2261 613 2320 in
629 2263 747 2333 ambos,

84 2339 127 2401 Ut
138 2353 193 2396 nec
206 2336 303 2401 Terra
318 2341 406 2411 operi
419 2338 553 2411 deinceps
573 2354 629 2397 nec
642 2339 718 2399 Solis
732 2338 872 2415 egerent?

82 2415 158 2474 Nam
173 2414 194 2473 fi
207 2411 328 2473 fortuito
340 2414 487 2474 nascuntur
501 2414 606 2489 singula
620 2416 699 2488 casu,

83 2493 127 2552 Ac
138 2503 247 2550 temere
260 2489 288 2549 dt
302 2489 319 2547 s
332 2491 411 2550 arsim
421 2491 494 2563 iasio
508 2508 560 2566 per
574 2493 663 2553 Inane
675 2493 805 2570 quietum
822 2543 823 2546 ,

37 2569 227 2640 ¹458e1ninio,
246 2507 368 2627 totirfem
383 2566 533 2628 viventum
547 2565 584 2626 de
598 2585 704 2641 genere
717 2571 798 2628 omni

81 2645 170 2703 Nunc
183 2646 309 2704 Atomos
323 2642 391 2703 &in
405 2645 464 2705 haec
478 2644 661 2704 concrescere
676 2662 797 2721 corpora
812 2646 902 2705 suetas

82 2719 172 2778 Terra
185 2723 305 2796 premit,
326 2735 398 2799 quot
412 2735 480 2782 tunc
492 2721 613 2799 primum
632 2720 767 2781 exsiccata
780 2723 937 2797 premebat.

83 2794 204 2854 Nullum
216 2798 320 2857 animal
334 2813 429 2860 tamen
446 2799 550 2859 effoetis
566 2816 642 2858 nunc
653 2797 751 2875 prodit
763 2802 799 2857 ab
814 2801 919 2862 arvist'

83 2869 151 2956 Nec
164 2871 214 2929 sub
228 2888 351 2959 utroque
365 2876 451 2953 polo,
473 2876 546 2935 soles
561 2876 627 2944 ubi,
646 2875 730 2937 noue
743 2875 858 2952 fugati,

37 2943 251 3011 ¹5⁰Semestrest
270 2952 388 3011 necubi
410 2952 485 3012 Solis
502 2951 638 3011 violentia
658 2963 749 3012 torret

81 3016 258 3096 Suppofitam
271 3027 419 3101 regionem
436 3026 464 3088 dc
484 3029 512 3086 in
528 3043 622 3087 auram
636 3029 754 3090 ventilat
766 3046 862 3106 agros.
900 3064 902 3069 =

82 3099 155 3162 Sunt
168 3097 218 3161 hic
231 3101 390 3183 atqueilllc
403 3103 497 3184 vada,
516 3103 649 3180 flumina,
670 3104 787 3258 steppo,
799 3103 951 3181 puisse-as

766 3197 792 3236 ἱ
