2144 3502
108 149 164 210 ω
269 93 854 205 turin-ucrtnrruss

110 266 231 341 Cogitur
251 268 279 327 ln
294 269 404 344 superas
422 266 490 342 ergo
508 269 700 330 conscendere
715 283 825 348 partes,

58 328 100 385 ’θ’
109 342 219 402 Lenior
234 344 275 404 eli
288 347 337 404 ubl
353 343 472 403 materiae
486 344 645 418 progressus
665 351 780 417 euntis,

109 419 202 508 Quam
220 421 425 481 concedentem
438 418 513 476 sacili
535 422 687 478 conamine
701 425 799 482 vincit.

109 497 156 556 Sic
176 497 273 558 valido
288 516 302 554 a
324 493 402 572 pulsu
416 494 522 552 molem
535 495 693 569 amplexata
709 497 863 558 rotundam

110 572 259 648 Desuper,
277 591 292 630 a
313 569 411 629 radens
431 568 513 638 serit,
535 570 708 648 incllnatque
722 590 867 635 cacumen.
899 637 906 648 ,

52 712 56 719 .
110 648 202 719 Hujus
217 645 348 709 descensu
364 643 458 716 liquor
472 645 644 724 interceptus
659 646 694 705 ad
716 648 770 708 ima

58 718 265 791 ⁸¹⁰Truditur‚
287 718 464 795 impellitque
477 720 618 795 globum,
640 722 790 796 subtusque
804 726 954 785 movendo

111 800 202 875 Erigit
224 799 344 859 infernas
360 809 464 870 partes.
493 799 535 856 Ea
550 800 630 859 causa
644 797 758 857 vicilsrm

110 876 239 936 Dimidio
252 872 300 932 dat
316 872 466 933 dimidium
487 873 636 934 succedere
652 872 767 950 semper.

148 1029 351 1085 Vruorrutt
371 1022 477 1084 idcirco
496 1024 587 1099 superi
605 1028 733 1086 ubertate
747 1026 846 1086 fluenti

109 1102 246 1172 Interius,
267 1118 428 1178 quanquam
443 1102 537 1161 citiori
553 1103 669 1162 vincere
688 1113 769 1163 motu

60 1174 190 1237 ”stoue
202 1177 367 1245 videbatur,
389 1189 535 1258 totamque
549 1178 690 1239 invertere
709 1181 827 1238 Terram

108 1255 227 1332 Semper
240 1255 276 1314 ad
295 1252 443 1326 occasum,
462 1254 585 1313 fluerent
598 1255 745 1313 obstantia.
773 1253 877 1316 Verbm

108 1332 180 1391 Non
200 1333 239 1394 ita
255 1329 403 1399 concedit,
425 1331 494 1404 quin
513 1332 587 1389 vlres
602 1331 724 1390 exilicet
742 1347 852 1390 omnes.

106 1407 146 1467 Et
158 1411 225 1503 quia
238 1421 282 1469 ter·
299 1409 400 1466 novies
414 1404 528 1464 milleni
539 1419 619 1480 parte
659 1423 756 1485 parum
770 1405 867 1483 deest)

109 1484 199 1545 Ocius
213 1484 346 1554 incurrit,
368 1497 484 1540 momen
499 1481 622 1540 Telluris
642 1484 670 1539 in
690 1496 785 1542 ortum

55 1562 169 1619 ⁸20‘ser
183 1560 286 1619 novies
299 1561 382 1616 etiam
397 1554 508 1615 milleni
521 1567 600 1631 parte
620 1557 751 1616 retardat.

107 1634 180 1694 Inde
202 1635 248 1703 fit,
271 1645 302 1692 ut
323 1632 435 1690 rediens
454 1632 570 1707 expleto
586 1631 709 1707 denique
722 1637 811 1697 Terra

108 1709 276 1777 Curriculo,
297 1707 398 1766 Stellas
415 1709 546 1779 jamnon
563 1707 692 1768 offendat
706 1711 810 1771 eodem

107 1789 140 1844 lrr
178 1785 261 1843 uncio
278 1784 368 1852 Coell;
391 1797 446 1842 nec
462 1782 499 1842 eb
515 1782 543 1841 se
556 1781 658 1858 dirigat
673 1785 733 1845 aris

109 1803 177 1943 Qud
196 1859 318 1924 directus
340 1870 418 1930 erat,
440 1858 555 1936 quando
568 1861 647 1937 prior
662 1862 733 1924 exiit
751 1880 856 1931 anuust

56 1939 160 2007 tastlst
174 1939 269 2013 ignara
281 1939 323 1996 rei
338 1935 439 1998 Stellas
453 1935 585 2010 'tantisper
601 1939 635 1995 ab
657 1950 722 1999 ortu

107 2013 264 2075 Descivilse
283 2024 381 2096 putat,
401 2012 529 2098 quamuis
544 2010 693 2079 desciverit
706 2015 772 2092 ipsa.

146 2170 325 2231 Tartarus
346 2166 393 2226 hic
413 2178 507 2227 motus
529 2165 648 2242 gemlnls
662 2168 820 2230 contrarius
835 2169 890 2230 cue

108 2247 236 2314 Debuit,
256 2256 288 2303 ut
309 2240 440 2304 constans
456 2247 552 2304 Terras
564 2241 687 2318 pofitura
706 2258 833 2307 maneret

107 2325 141 2383 ln
154 2319 263 2389 fluido.
285 2321 314 2378 vi
329 2319 407 2390 cujus
428 2333 498 2380 eunt
517 2336 665 2395 annusque
678 2319 805 2395 diesque.

56 2410 103 2458 κο
112 2401 224 2474 Nempe
238 2393 315 2455 allud
330 2393 396 2455 ullm
414 2395 447 2456 slt
462 2407 591 2455 centrum
604 2396 750 2472 gravitatis
763 2396 792 2454 in
808 2395 879 2455 orbe

108 2478 240 2537 Terreno
264 2471 407 2546 molisque
426 2470 518 2541 aliud,
538 2487 603 2546 pars
621 2473 712 2530 altera
726 2472 824 2530 Terre

107 2553 179 2631 Quae
192 2550 326 2628 grassor,
345 2564 409 2624 pars
427 2565 490 2624 qua
504 2547 615 2618 levior,
635 2563 694 2606 non
709 2544 779 2604 slcut
798 2546 913 2616 oportet

108 2631 228 2688 Motum
251 2623 428 2687 diuiderent:
450 2641 486 2688 ex
499 2638 557 2680 uno
573 2623 630 2680 line
650 2623 804 2688 minorem,

109 2705 255 2776 Maiorem
275 2719 312 2763 ex
328 2701 385 2760 allo
400 2715 505 2757 conum
524 2695 693 2756 describeret
706 2695 776 2752 axis.

56 2792 99 2843 υς
110 2780 205 2853 Ergo,
228 2776 308 2853 quod
323 2775 441 2836 nimium
455 2771 593 2848 superest,
614 2787 694 2829 mora
711 2768 780 2827 facia
800 2766 915 2838 recidit,

110 2860 265 2936 Temperat
278 2864 430 2931 exequaris
442 2863 551 2916 motus,
571 2846 598 2906 dc
613 2845 731 2921 corrigit
744 2863 833 2906 axem.

108 2935 135 2993 ts
150 2928 216 2989 clrm
230 2929 438 3002 AEquatorem‚
458 2941 518 3000 quo
532 2922 592 2983 Ecll
615 2924 670 2981 tica
688 2922 762 2980 llnea
776 2920 877 2991 distat,

108 3010 152 3070 Ut
169 3005 273 3065 didlum
292 3001 352 3070 eil,¹
367 2989 498 3074 gradibus
519 2941 613 3075 propg
627 3009 751 3074 quatuor
770 2999 797 3057 u
817 2998 944 3083 viginti,

101 3083 152 3152 ,ud
161 3077 405 3164 perpendiculum
422 3075 545 3145 [cludam
566 3075 602 3137 llc
617 3074 700 3136 ‹lillat
714 3076 748 3137 ab
771 3075 817 3136 illa
937 3148 957 3215 S

958 3170 1028 3222 exa.
