2144 3502
116 127 175 196 mu
289 84 867 192 auarauenaarus

116 251 234 327 Sanguis
251 252 433 328 habet,·quo
447 271 551 329 corpus
566 258 635 318 alat:
657 270 734 317 caret
749 270 872 319 attamen
890 262 949 323 illis

116 328 285 404 spiritibus,
305 330 355 403 qui
373 330 440 387 dent
456 333 585 402 animos,
606 337 799 413 membrisque
814 337 958 413 uigorem.

115 406 183 465 Hoc
198 425 286 482 genus
303 405 431 464 aethercis
445 407 554 467 tantbm
576 410 705 472 eliciatur
720 416 755 471 ab
777 415 863 471 aurio.

64 501 105 544 aas
115 484 209 557 Ergo,
229 501 282 542 ceu
298 480 416 549 Lemni,
436 495 485 540 aut
504 484 613 558 Lipare
625 486 789 559 fornacibus
806 491 889 563 ignes
945 495 949 500 '

112 561 259 619 Mulciber
275 556 433 617 exstimulat
447 571 553 629 uento,
573 576 658 633 quem
674 565 783 624 flamma
799 556 956 627 coruscans

110 638 245 711 Excipit,
265 648 296 693 ut
310 636 431 707 rigidum
443 649 525 712 cogat
540 634 704 695 mollescere
721 642 848 714 ferrum,

109 716 201 787 Inque
221 713 318 783 nigros
334 713 453 769 veniunt
470 712 583 772 alteruis
596 710 683 769 flabra
699 717 842 783 caminos;

109 793 155 852 Sic
171 804 241 860 opus
257 786 412 858 incoeptum
428 789 564 849 meditans
577 786 722 843 absoluere
735 791 857 862 plastes,

59 864 229 925 cooniuidct
251 859 267 919 s
286 861 430 921 stomacho
452 875 542 927 totum
563 860 771 937 diaphragmate
786 872 900 936 pectus,

108 938 228 1000 Posthac
251 950 406 1012 componet
424 938 553 1010 geminos
569 938 597 993 in
617 938 730 1009 pectore
746 937 830 998 folles

108 1016 242 1074 Plexibus
267 1012 418 1075 innumeris
433 1010 528 1084 paffim
551 1009 688 1086 cellisque
702 1012 842 1082 refertos,

109 1092 187 1151 Asca
202 1094 251 1167 qui
266 1090 376 1164 capiant
395 1086 510 1157 tumidi,
532 1084 706 1165 redduntque
720 1087 845 1161 repreffi.

109 1167 215 1244 Aspera
234 1166 345 1227 reclusis
364 1165 465 1221 arteria
484 1164 610 1225 saucibus
625 1165 690 1224 illos

57 1243 287 1318 60500njunget‚
308 1238 353 1298 cui
371 1257 428 1298 non
451 1241 541 1301 deerit
555 1244 717 1302 membrana
735 1239 885 1311 sonoram,
952 1298 956 1304 ,

108 1320 183 1382 Ciam
202 1319 350 1386 volumus,
373 1334 474 1375 vocem
493 1317 628 1377 efficiens.
662 1320 732 1377 Hac
750 1314 818 1376 tibia
838 1332 911 1377 uera

104 1399 237 1466 Nature,
259 1390 385 1453 tremulis
410 1394 585 1455 transversim
605 1394 661 1453 filla
673 1394 802 1463 labellis,

105 1477 166 1535 Aut
181 1471 277 1539 tenso,
293 1467 376 1528 dabit
395 1471 563 1545 omnigenos
586 1469 602 1529 ὲ
623 1481 736 1544 gutture
758 1481 869 1530 centua.

108 1553 146 1610 Et
165 1550 230 1623 quia
248 1555 422 1607 concurrunt
436 1546 465 1602 in
479 1557 674 1603 concamerata
694 1545 780 1619 palati

59 1625 201 1689 suffitia,
227 1634 300 1692 quos
318 1617 423 1689 retuli,
443 1619 540 1679 ductus
563 1620 698 1692 spirabilis
713 1638 785 1679 aurae

109 1700 208 1769 Atque
218 1695 302 1760 cibi,
324 1709 378 1750 nec
393 1695 455 1767 plus
468 1714 526 1755 uno
541 1695 624 1769 quam
638 1697 746 1770 pariete
761 1693 878 1763 aistano

20 1812 24 1821 ·
107 1773 194 1831 Afaris
207 1768 236 1828 iu
251 1770 362 1828 ducum
379 1786 416 1827 nc
437 1792 499 1847 pars
514 1771 641 1848 potusve
652 1772 745 1830 cibiue
938 1767 942 1775 “

108 1846 195 1909 Forte
208 1847 305 1915 cadat,
327 1845 398 1903 levis
412 1865 477 1907 anre
492 1849 568 1907 sores
585 1866 617 1906 ac
638 1848 731 1906 sedula
751 1865 839 1921 porro

109 1925 239 1985 Haerebit
257 1924 359 1999 ligula,
380 1924 551 2000 alternisque
568 1927 692 1985 motibus
706 1924 768 1983 illas

60 2000 268 2072 ‹rsDesendam
288 1999 378 2075 qualis
393 2001 539 2076 majusque
554 2002 702 2075 minusque
717 2000 845 2061 foramen

109 2080 241 2153 Protegit
256 2076 384 2152 egregius
398 2076 487 2144 lusor,
510 2078 674 2151 semperque
698 2088 793 2135 tuetur

111 2157 140 2217 A
162 2157 296 2215 veniente
308 2153 378 2227 pila:
398 2169 452 2211 nec
467 2169 528 2229 pars
546 2169 581 2211 ea
595 2168 680 2226 parva
698 2151 814 2210 laboris.

44 2372 47 2377 ¹
148 2306 385 2366 Puamomum
406 2300 434 2362 in
454 2296 552 2365 medio
565 2303 726 2437 prenobile
745 2303 905 2367 constituet
917 2328 979 2373 cor.

109 2383 259 2457 Sanguinis
277 2380 334 2437 hoc
349 2393 477 2440 centrum
491 2382 545 2448 est3
586 2398 624 2436 ac
638 2380 713 2454 regia
728 2378 837 2452 sanguis
851 2382 930 2459 ipsa,

60 2459 147 2524 mist
164 2459 224 2534 jugi
238 2456 348 2530 lympha
363 2452 391 2514 δι
407 2457 486 2515 tenui
503 2455 673 2517 circumdata
694 2455 788 2514 uallo:

107 2538 140 2596 ln
157 2533 257 2592 mediis
272 2532 384 2607 qualem
407 2530 573 2607 suspendunt
591 2531 718 2606 lampada
738 2530 870 2609 templis,

106 2613 149 2670 Ut
170 2624 262 2687 partes
278 2610 373 2667 lumen
386 2608 414 2665 se
428 2607 455 2666 se
476 2606 616 2667 diffundat
629 2610 657 2666 iu
671 2625 787 2667 omnes:

108 2689 160 2749 Sol
181 2686 272 2765 qualis
285 2695 394 2743 recreat
408 2683 491 2740 radiis
511 2685 667 2761 genialibus
688 2684 806 2745 Orbem.

84 2817 92 2831 ,
110 2767 154 2824 Sit
166 2763 289 2824 validum
305 2760 411 2829 robur,
430 2758 463 2817 lit
479 2762 522 2819 vis
541 2760 568 2819 δι
590 2759 701 2819 elastica
715 2761 812 2821 cordi:

58 2840 176 2916 52'3Huc
191 2854 250 2908 eat,
272 2837 340 2896 hinc
355 2835 473 2894 veniens
490 2853 593 2912 magno
608 2837 675 2896 fluat
690 2836 795 2912 impete
818 2837 942 2918 sangnis.

110 2915 153 2974 Sit
166 2916 259 2989 pulsus
272 2914 366 2980 fibris,
387 2911 536 2988 presertim
557 2914 586 2971 in
603 2914 731 2972 acumine
746 2914 870 2987 summo,

109 2988 324 3066 Perpetuusque
339 3006 372 3047 ac
387 3006 438 3064 per
455 2989 569 3049 modica
584 2989 730 3051 intervalla
744 2991 910 3056 coruscans:

108 3068 253 3130 Arcanum
275 3067 339 3128 uita
353 3080 434 3128 motu
448 3065 580 3130 sundatur
595 3067 624 3128 in
642 3068 703 3131 illo.
813 3130 816 3135 ,
867 3142 870 3146 ,

959 3150 1024 3212 Hoc
