2144 3502
77 113 983 242 ¹fureur-ouenuun-ator

37 283 227 346 *Constituere
244 290 355 357 patresz
376 297 451 341 nunc
469 278 494 338 le
503 282 656 414 promovit
674 279 769 339 Eouut

48 366 80 422 ln
95 360 186 431 latus,
208 358 332 417 occiduo
346 356 442 418 sentim
454 356 501 416 sen
513 354 741 431 tuque-reliclo:

46 442 92 498 Ac
107 434 198 512 prope
211 433 329 494 Zodiaci
344 431 475 492 duodena
488 444 569 506 parte
582 431 739 502 recedens,

46 512 150 572 Invasit
163 512 256 571 sederit
271 509 359 568 Taurl
367 549 377 579 ‚
397 509 561 584 pepulitque
574 507 722 566 Gemellos

47 589 177 653 Taurus,
199 585 224 644 dt
241 588 267 645 in
283 585 420 643 Cancrum
438 583 465 643 se
480 583 642 659 produxere
657 579 800 642 Gemelli..
919 624 944 661 ¹.

37 662 199 722 *Praetetitis
213 662 286 722 aded
301 659 385 720 seclia
400 659 479 733 limul
500 659 596 717 omnia
611 657 696 733 Signa

49 739 204 797 Mutavere
218 737 329 809 locum,
350 733 540 800 &mutabunt
555 750 645 811 usque
656 733 767 794 futuris.

87 891 172 950 Nou
190 890 331 966 AEquntor
344 904 425 957 euru,
446 885 485 945 ast
498 885 633 961 Ecliptica
654 887 712 947 sola
730 888 843 946 videtur

50 968 109 1027 Aut
123 981 227 1025 motum
242 983 343 1040 regere
356 978 404 1022 aut
415 965 603 1039 progignere3
622 981 688 1025 nam
703 963 753 1022 fibi
765 966 842 1040 cogit
912 996 918 1003 ·
931 1000 945 1034 ,a

50 1043 114 1102 Effe
121 1041 287 1117 parallelum
302 1041 419 1113 semper.
444 1038 539 1117 Quare
552 1042 644 1100 omnis
657 1042 691 1100 ab
707 1037 752 1098 illa

51 1122 120 1198 Qua
133 1135 208 1178 nunc
220 1117 371 1176 Stellarum
385 1111 513 1172 distantia
527 1115 652 1175 cernitur
667 1115 741 1185 elle,

50 1195 193 1271 Perpetuo
209 1193 331 1264 talisque
346 1186 414 1256 luit,
435 1188 554 1264 talisque
567 1189 661 1250 futura
675 1188 725 1248 est.

48 1270 157 1344 Verum
171 1265 321 1338 AEquatori
336 1279 397 1337 quar
408 1265 536 1337 proxima
548 1264 645 1327 Sidera
659 1264 817 1340 quondam,
889 1324 892 1328 ,

48 1347 138 1404 Nunc
152 1344 187 1399 ab
200 1356 237 1397 eo
251 1337 369 1395 cellere:
389 1337 486 1398 Polum
500 1357 616 1414 quoque
631 1340 740 1412 deseret
753 1339 841 1414 ipsum
934 1388 946 1415 ,.

50 1420 123 1478 Ursa
137 1416 247 1487 minor,
267 1412 348 1472 Coelo
362 1415 502 1487 quondam
519 1415 678 1490 spatiabitur
690 1415 801 1491 amplo,

37 1496 146 1568 ’Atque
158 1491 237 1559 aliis,
258 1507 316 1565 quo
330 1504 405 1548 nunc
418 1489 535 1563 fruitur,
556 1490 695 1551 concedet
712 1491 869 1556 honoremr

49 1570 116 1628 Nec
129 1567 205 1643 leges
220 1567 324 1641 Hyemi
336 1565 414 1626 dabit
426 1581 474 1627 aut
487 1568 676 1643 Aquilonibus
692 1568 772 1631 atris;

47 1646 80 1702 N
81 1663 114 1704 ec
129 1642 230 1715 Mundi
242 1655 355 1711 vertex,
380 1659 433 1703 nec
447 1646 500 1703 erit
512 1643 683 1703 tranantibus
695 1659 792 1719 aequot
837 1640 841 1651 ⁴

47 1723 223 1797 incertisque
234 1719 288 1779 viae
302 1718 407 1792 signum
423 1717 595 1779 immutabile
606 1719 706 1777 nautis.

49 1799 196 1856 Annorum
213 1794 348 1854 tredecim
361 1794 407 1851 bia
419 1792 506 1850 millia
520 1805 580 1851 tota
590 1793 705 1852 necelle
719 1793 759 1852 est

37 1871 191 1932 *Effluxille
205 1870 298 1942 ptius,
319 1877 448 1940 repetant
461 1865 542 1941 quim
556 1866 653 1927 Sidera
664 1867 773 1941 sedem,

47 1948 257 2015 Ptimevusque
270 1942 337 1999 sttus
351 1942 406 1998 toti
417 1940 547 2001 reddatur
561 1942 696 2020 Olympo.

47 2021 178 2081 Mundus
191 2019 219 2075 iu
234 2017 371 2088 integrum
388 2029 454 2075 tunc
465 2017 558 2078 omnis
572 2017 697 2079 restituet
710 2018 746 2082 se.
797 2054 801 2061 -

48 2097 137 2156 Causa
149 2095 191 2154 rei
204 2106 330 2165 quanam
343 2089 403 2151 elli
418 2093 553 2156 Veterum
565 2093 790 2159 nancsmtentia
803 2100 925 2179 pandat.-

86 2245 230 2318 Purud,
250 2244 296 2306 vel
311 2245 410 2306 Stellas
422 2249 585 2311 circumfert
596 2249 705 2311 mobile
716 2248 820 2314 coelurn

37 2322 212 2393 umentes,
233 2319 321 2381 veluti
335 2322 407 2383 fixos
423 2327 451 2385 in
465 2326 573 2388 fornice
584 2327 703 2398 clavos,

48 2397 101 2458 Vel
117 2399 174 2458 srne
188 2397 374 2473 compedibus
389 2399 499 2460 faunu
514 2418 583 2460 nare
598 2401 711 2462 solutae.

45 2475 195 2540 Harentes
209 2473 278 2534 ferri
294 2473 312 2532 li
328 2473 449 2547 dixeris,
470 2476 538 2552 ergd
553 2479 671 2537 remotis

47 2549 243 2628 congenerem
258 2549 353 2612 stellis
365 2550 461 2610 Solem
476 2551 552 2611 hunc
564 2552 741 2612 adamantina
756 2555 829 2616 coelo

45 2626 146 2685 Vlncla
161 2629 265 2704 ligant,
285 2627 372 2687 rutilo
386 2643 439 2685 ceu
452 2645 561 2701 gemma
579 2627 732 2689 includitur
744 2648 823 2690 auro.

37 2700 97 2760 ‘Sol
111 2718 241 2776 quoque,
262 2703 321 2774 ais,
343 2701 434 2762 solido
448 2703 589 2777 suspensus
606 2705 633 2762 in
646 2706 717 2764 orbe
730 2717 853 2775 rotatur,

45 2775 83 2832 Et
98 2774 144 2832 sua
156 2778 318 2838 constrictos
330 2792 446 2855 torquet
455 2779 569 2843 ‚testudo
583 2781 726 2845 Planetas3

44 2849 90 2907 Ac
104 2847 172 2936 doru
184 2851 301 2911 Terram
316 2856 440 2926 obeunt,
462 2856 584 2915 immotis
601 2857 720 2916 nexibus
734 2853 840 2918 harcnt

44 2925 205 2983 Mercurius
219 2929 354 3012 proprio,
371 2932 490 3007 proprio
503 2934 599 2994 Venus
617 2934 645 2990 in
657 2930 804 3006 crystallo,

43 3001 126 3060 Alter
138 2998 248 3059 Telluri
265 3001 401 3075 vicinior,
422 3009 511 3066 altera
523 3005 593 3066 Soli.
617 3066 622 3072 ,

42 3076 100 3139 Cur
115 3078 198 3160 igitur
211 3074 308 3137 Solem
324 3075 401 3153 supra
415 3083 587 3160 quandoque
597 3084 730 3146 'feruntur
878 3160 929 3216 m

315 3186 317 3190 .
924 3178 970 3216 tx-
