2144 3502
225 126 448 199 LIBER
511 122 899 192 SEPTIMUS.
965 135 1022 205 293

149 273 239 334 Nou
259 267 341 324 aliam
356 265 395 322 ob
413 259 522 321 causam
539 259 609 320 felix
629 259 746 321 fortuna
758 262 851 323 secuta
870 260 912 322 est

113 348 216 411 Audax
233 344 300 402 artis
320 357 410 415 opus,
430 337 493 398 cum
514 336 636 416 primum
649 339 797 416 imponere
810 355 921 400 morem

114 428 249 491 Naturae,
272 436 305 477 ac
327 415 434 476 truncis
445 416 612 492 peregrinos
631 415 735 476 addere
753 415 857 489 foetus,

119 501 157 560 Et
172 501 272 575 plantae
284 494 369 570 coepit
388 491 488 552 vitium
507 489 660 551 emendare
672 493 804 554 colonus.

53 571 194 636 ¹⁵⁷⁵Na1n
208 573 259 637 nist
271 588 333 646 quae
348 567 408 629 filio
424 568 554 628 inseritur
571 585 647 627 nova
662 571 770 646 virgula
790 569 884 645 liguo,

119 651 173 711 Vel
187 645 344 708 circumcisi
362 646 444 704 lateri
463 659 529 704 cute
542 643 636 718 figitur
654 645 780 717 harena,

119 728 223 788 Omnia
241 735 366 784 uenturo
384 720 541 798 primordia
553 720 644 794 gentis
662 721 782 783 haberet

119 808 154 871 ln
169 805 195 863 se
208 802 236 860 se
246 804 303 875 J'am
322 816 414 871 nunc,
433 795 575 872 &qualia
594 813 697 873 nempe
715 801 848 875 gerebat,

120 881 195 940 Dum
207 893 271 956 pars
285 889 418 936 motemae
432 874 487 932 fuit
501 872 626 945 arboris,
649 874 724 933 unde
741 877 827 935 recisa
841 877 903 950 est,

57 946 187 1038 ¹⁵²⁰Quo
198 955 280 1033 patto
293 952 421 1029 proprias
438 950 532 1009 alieno
553 949 718 1024 incorpore
736 951 819 1012 dotes

119 1032 275 1101 Funderet,
295 1029 468 1102 stirpemque
490 1023 586 1084 suam?
605 1027 669 1105 Qua
685 1026 748 1102 lege
771 1030 925 1104 quotannis

118 1113 155 1171 Et
174 1110 278 1170 florum
290 1102 447 1178 gentilitios
468 1098 497 1157 ἃ
521 1100 629 1160 frondis
644 1101 789 1176 bonores,

117 1189 156 1247 Et
169 1184 279 1261 patrios
294 1180 399 1247 fretus,
417 1174 491 1251 pede
504 1175 544 1234 nil
566 1179 708 1248 prebente
723 1180 772 1236 nifi
789 1183 899 1254 escam,

120 1264 218 1332 Atque
231 1255 299 1311 alias
314 1251 410 1311 itidem
425 1252 517 1327 virgae
538 1251 687 1312 effundere
705 1254 798 1330 pollet
910 1295 912 1299 .

29 1361 30 1365 ¹
57 1330 252 1393 ¹⁵⁸⁵lusertari
267 1326 393 1387 habilesl
414 1329 473 1406 Qui
491 1327 600 1389 caudex
615 1328 702 1390 ferret
716 1333 829 1406 agrestis

121 1411 197 1470 Tam
211 1402 335 1480 lepidum
349 1415 448 1478 caput,
470 1403 661 1480 &pomorum
680 1406 779 1466 nobile
793 1410 927 1487 pondus?

84 1498 89 1508 ·
121 1485 200 1544 Hinc
220 1477 297 1542 certd
316 1478 456 1556 quidquid
475 1480 679 1558 proficiscitur,
700 1483 757 1546 hoc
778 1487 818 1546 ibi
838 1488 960 1563 primlrrn

123 1559 224 1619 Adfuit
241 1559 409 1632 inceptum,
430 1557 562 1618 &forme
577 1560 712 1620 breuime
726 1565 864 1624 contium.

124 1638 157 1696 ln
175 1636 294 1703 loculis‚·
315 1636 361 1693 ubi
378 1634 405 1695 se
420 1635 528 1694 nodosa
543 1635 667 1695 ostentat
686 1640 768 1715 origo

62 1711 299 1784 ¹5⁹⁰Ramorum,
320 1711 494 1788 spondetque
509 1722 619 1772 tumens
631 1711 715 1770 axilla
728 1717 861 1780 lacertos.

159 1869 175 1945 J
181 1885 233 1926 rm
243 1880 315 1940 *quro
330 1862 432 1936 sponte
445 1859 490 1918 liri
503 1861 602 1934 pailim
618 1861 767 1926 nascuntur
784 1871 812 1928 in
833 1890 925 1948 agro,

22 2005 25 2011 ,
121 1944 276 2003 Incultisve
296 1939 387 2004 locis,
408 1945 440 1992 ut
461 1933 543 2009 lplnae
555 1937 706 2014 herboque
721 1956 880 2020 nocenter,

153 2032 202 2075 uas
222 2014 303 2073 nulle
326 2010 423 2068 severe
446 2026 559 2082 manus,
579 2029 648 2088 quat
669 2013 762 2076 nullut
778 2031 871 2080 arator

123 2019 250 2155 ssducam
271 2098 319 2146 aut
337 2087 366 2144 iu
384 2086 463 2161 aquis
478 2088 598 2148 veniunt
611 2085 758 2168 fundoque
772 2093 901 2169 palullri3

62 2169 174 2227 ¹⁵⁹⁵Ne
189 2165 285 2224 credas
298 2176 379 2222 terre
392 2166 503 2238 gremio
518 2163 593 2224 baud
606 2181 747 2244 concepta
760 2172 858 2231 creari.
947 2224 949 2227 .

124 2245 255 2317 Namque
273 2252 320 2301 aut
335 2253 435 2299 ventur
454 2241 491 2301 ed
506 2240 616 2312 semea,
636 2245 820 2323 volucrisque
838 2247 1004 2315 vel'lmbee·

124 2319 251 2386 Detulit;
271 2329 356 2393 atque
370 2316 420 2392 ipsr
434 2316 483 2393 sut
495 2318 558 2379 sunt
570 2335 687 2396 quoque
700 2323 804 2384 semina
822 2324 935 2385 musco:

126 2397 237 2458 Semina
256 2395 343 2455 babet
356 2393 469 2454 nascens
491 2397 599 2454 annoso
613 2395 641 2454 iu
659 2400 766 2460 robore
787 2399 907 2472 viscum,

126 2475 179 2534 Cui
193 2473 298 2549 iignum
317 2471 429 2531 alterius
445 2473 602 2546 proteat,
620 2473 736 2550 vitaque
751 2477 856 2536 furtum
872 2478 921 2539 est.

63 2549 163 2611 ¹⁶⁰⁰Et
183 2550 229 2611 sua
249 2549 310 2608 sunt
332 2546 436 2622 lungo,
458 2547 524 2605 filici
543 2547 589 2608 sua
608 2548 727 2624 sentina,
748 2555 879 2627 quamvis

123 2629 268 2704 Effugiant
288 2623 437 2684 oculorum
450 2624 556 2685 aciem:
575 2642 639 2685 nam
655 2628 778 2701 pulveris
797 2628 888 2696 instar,

124 2703 227 2774 Erigui
245 2704 323 2775 rugis
345 2700 480 2760 loliorum
501 2701 628 2762 immersa
651 2703 796 2765 latescunt.

123 2774 240 2835 Nullum
262 2779 346 2853 igitur
369 2777 461 2853 speres
483 2783 555 2837 terrl
575 2779 611 2840 de
630 2781 742 2857 uirgine
760 2796 887 2855 germen.

126 2852 169 2909 Ac
187 2853 270 2913 talem
288 2855 310 2913 ti
330 2855 446 2929 quando
465 2853 545 2914 voles
568 2857 597 2913 in
620 2859 685 2918 vase
707 2859 815 2930 patenti

64 2926 120 2974 ¹⁶⁰5
129 2928 241 2987 Ponere
257 2928 305 2988 sub
321 2931 389 3003 dio,
405 2948 490 3005 quam
505 2933 594 2990 rarior
608 2935 722 3008 altaque
742 2933 796 2992 tela

125 3003 282 3076 contegat,
302 3005 393 3089 aririus'
412 3006 495 3069 facile
516 3009 661 3069 admissura
683 3011 806 3085 liquores
814 3057 823 3086 ,

121 3080 159 3143 Et
178 3078 279 3144 Probi
292 3079 403 3156 radim,
422 3099 449 3149 at
469 3079 534 3147 solis
553 3087 632 3147 inuia
650 3090 755 3156 ventis
985 3162 1035 3219 m
