2144 3502
99 96 894 181 remf·nurrtucnur1uu

155 240 230 299 Nam
245 239 295 314 qui
310 251 367 300 tres
381 238 459 298 uasto
482 237 629 312 spatiantes
651 244 769 315 aethere,
791 243 895 302 circum
985 238 992 245 ”

156 317 194 376 Et
213 319 331 378 Terram
351 315 377 373 ἃ
396 314 481 373 solem
502 331 573 390 gyro
587 321 729 379 exteriore
744 321 889 391 feruntur,

159 393 311 464 Coniuncii
324 391 434 449 Phoebo
449 390 513 448 clim
531 391 727 466 suspiciuntur,
751 397 833 455 obire

151 469 288 529 'Direltos
301 476 409 530 motust
430 467 547 540 uestigia
563 480 671 526 uertere
687 485 764 531 retro

104 543 304 622 sooOpposrti3
324 557 391 599 mox
408 539 510 598 defidit
531 542 635 602 cellere
650 547 782 605 videntur

155 627 187 684 ln
203 617 392 696 quadraturis,
411 615 438 675 &
455 617 573 676 anhelos
587 618 677 676 lrstere
692 623 797 680 cursus.

156 701 245 758 More
263 690 375 766 quidem
390 691 524 761 absimili,
546 693 590 751 led
604 694 699 752 eidem
717 695 816 756 fraude
830 703 988 776 Venusque
1031 707 1033 713 '

156 770 376 840 Mercuriusque
397 770 486 828 oculis
502 769 668 844 lpettantilm
685 769 803 830 illudere
818 775 953 850 gaudent.

157 853 216 910 Has
230 843 334 918 species
350 846 466 916 Tellus,
488 845 553 903 dum
569 845 682 914 circuit,
704 844 780 903 addit
800 851 940 923 utrisque.

104 927 224 983 305Haec
240 921 344 977 etenim
361 921 483 980 medium
504 921 600 979 Solem
619 920 797 979 interioribus
813 925 902 983 enrbit

154 995 295 1064 Terdior3
315 1009 344 1053 at
360 1000 439 1055 eursu
457 999 634 1070 praeuertitur
647 996 810 1054 exteriores.

156 1075 199 1130 Ut
213 1073 232 1130 sr
246 1069 322 1131 forte
343 1072 420 1131 lecirs'
435 1090 483 1149 per
499 1073 594 1132 littora
608 1088 694 1131 curva
713 1070 828 1130 rotundi

157 1150 243 1208 Atius
260 1162 305 1205 eat
321 1149 453 1222 sonipes,
473 1162 705 1221 unoquetenore
720 1147 840 1216 leretur,

156 1227 201 1285 Te
216 1222 450 1301 longipontum,
472 1240 543 1299 gyro
559 1226 577 1283 sr
594 1225 687 1299 pergis
706 1223 807 1283 eodeur

103 1304 274 1378 trosegnior
295 1313 341 1359 aut
359 1301 460 1370 citior,
485 1299 607 1360 mendax
622 1299 736 1361 deludet
754 1301 857 1373 inrogo.

156 1378 243 1458 Quod
266 1377 284 1435 ir
306 1377 373 1437 Sole
389 1376 501 1443 sedens,
522 1376 600 1451 quod
615 1389 741 1435 centrum
761 1375 907 1435 immobile
922 1382 1019 1441 mouls

105 1510 107 1513 ,
157 1454 323 1532 Omnivagi‚
344 1449 551 1526 circumspettes
570 1452 691 1510 volitare
712 1451 856 1519 Planetas,
1031 1470 1034 1477 ·

156 1535 202 1591 Ire
222 1544 300 1589 retro
311 1528 434 1596 nullum,
454 1526 562 1585 nullum
584 1526 731 1584 consistere
751 1527 859 1586 credas.

193 1679 267 1755 June
286 1675 424 1750 quiduis,
474 1675 563 1735 uintii
582 1678 686 1736 Nonne
703 1675 763 1733 hec
774 1679 935 1750 prenuncia
955 1685 1024 1745 Veri

103 1769 146 1813 ιτς
156 1751 286 1829 Limpida
298 1753 454 1824 srmplieitas
498 1755 604 1812 Nonne
624 1753 692 1828 hoc,
702 1752 838 1811 sententia
851 1755 953 1817 Suadae

154 1831 237 1897 Filia,
258 1830 410 1904 compertis
432 1841 488 1888 tam
509 1827 584 1888 clare
600 1828 722 1887 consona
741 1831 845 1899 rebus,

155 1910 282 1967 Intortus
302 1906 391 1966 flexus
406 1904 590 1965 Ptolemaei&
609 1904 712 1963 somnia
725 1904 814 1963 vincit
864 1914 867 1920 ·
971 1954 975 1961 .

158 1985 312 2051 intricata,
329 1981 435 2056 quibus
455 1998 550 2055 neque
574 1980 639 2052 lex,
659 1997 753 2056 neque
768 1981 848 2040 causa
862 1983 998 2047 videtur?

154 2060 209 2120 Fac
227 2058 320 2118 tumen
337 2059 395 2116 uaec
408 2073 468 2116 non
483 2057 537 2117 elie
550 2055 627 2123 iatis3
649 2057 718 2114 mihi
730 2059 816 2130 maius
832 2060 858 2116 in
878 2059 959 2123 illurn

102 2150 148 2194 ³20
157 2138 256 2195 Robur
271 2134 362 2192 sdlruc
380 2133 518 2206 superest,
537 2131 564 2189 tc
583 2133 760 2192 ineiuuabne
773 2135 885 2209 pondus

155 2215 412 2287 Argumentorum,
433 2224 496 2282 que
516 2225 574 2268 rem
595 2209 738 2270 intelleita
752 2210 894 2272 secabunt.

193 2364 267 2442 Qur
291 2362 452 2437 portentoll
472 2362 544 2422 Coeli
563 2359 704 2435 vertigine
733 2374 841 2436 raptum

155 2439 272 2511 Semper
285 2439 320 2496 ad
341 2438 474 2497 occiduas
489 2436 594 2498 Mundi
610 2437 766 2512 procedere
782 2450 891 2513 partes·

158 2517 298 2574 Phoebum
312 2516 500 2586 arbitrantur,
522 2514 569 2572 lux
589 2511 678 2586 equo
694 2511 801 2571 defluit·
812 2514 918 2584 omnis,

104 2592 269 2656 sasnurum
288 2592 385 2666 ingens
400 2590 490 2649 oeulis
501 2588 595 2666 potiirs
611 2586 693 2662 qurlm
706 2598 802 2651 mente
814 2586 921 2660 secuti,

157 2673 197 2730 At
210 2669 261 2728 niti
276 2668 394 2744 proprio
413 2679 505 2724 taurerr
522 2665 704 2722 in'eontrrria
719 2673 819 2732 motu,
885 2669 887 2673 ·

154 2743 336 2822 Obliquique
352 2741 399 2801 viel
417 2741 464 2800 sub
483 2739 598 2814 Olympi
609 2736 722 2815 ¹fornice
736 2734 831 2809 vaste,

154 2821 239 2879 Haud
253 2818 478 2880 animadvertunt
492 2813 590 2892 procul
606 2811 621 2868 i
636 2814 744 2870 ratione
756 2818 866 2890 vagari,

157 2896 216 2952 Olli
237 2897 316 2968 quod
333 2891 431 2953 frustra
444 2908 532 2966 geum
546 2885 704 2961 irriposuere
717 2889 831 2949 laboris.

103 2988 149 3033 κο
158 2973 232 3029 Nasu
246 2971 265 3029 sr
280 2989 343 3030 eum
357 2981 422 3029 toto
439 2967 522 3027 itellae
535 2975 703 3025 moueantur
716 2966 866 3042 Olympo,

156 3047 253 3121 Atque
266 3046 366 3107 erdem
380 3046 454 3106 circe
467 3045 585 3104 Terram
604 3040 743 3103 violentie
758 3044 854 3108 Solem
940 3099 945 3107 .

968 3127 1059 3191 Satur·
