2144 3502
117 159 172 229 ps
297 154 883 241 anennucnnstun

61 287 258 347 ¹020Circulus
278 285 328 364 (in
341 279 575 363 pupilis'etenim
593 306 762 350 concurrere
774 291 848 351 binis
940 344 944 353 .

122 368 220 441 Atque
235 365 284 424 fibi
297 358 380 444 plane
394 361 531 437 oppositis
547 375 699 444 utrumque
714 368 822 427 trecelle
836 366 898 443 est)

120 444 242 502 Invenio
257 439 390 516 purnium
406 439 464 496 hoc
479 439 583 516 inquo
598 443 758 516 versamur,
777 439 898 520 idipsum

122 519 276 592 Temporis
290 528 375 588 atque
389 513 446 572 locl
465 513 534 576 vere
550 516 662 577 nodum
673 520 728 578 elle
743 521 881 592 duorum,

125 599 169 656 Ac
186 593 276 651 veluti
292 591 415 653 biviums
436 591 483 649 cui
498 589 578 667 quod
590 593 786 669 respondetin
804 597 863 654 alto

61 671 258 739 ¹025AEthe1e,
279 667 349 724 stare
363 680 447 740 caput
461 668 557 742 supra:
583 683 756 745 quapropter
770 673 876 731 habere
926 678 929 687 '

123 743 281 821 Anttimdas
298 742 407 801 summo
422 744 556 804 directum
570 745 600 803 in
620 746 728 804 vertice
743 748 859 805 Solem:

120 825 184 884 Nos
199 834 314 895 quoque
329 817 392 894 post
408 821 494 881 horas
508 820 595 882 bissex
609 834 766 894 omnesque
779 822 906 880 colonos

121 897 305 972 AEquatoris‚
326 896 362 955 eir
376 895 440 957 clun
454 900 576 975 quisque
588 897 735 960 advenerit
749 908 781 954 ut
794 896 827 954 srt

120 971 276 1032 Dimidiata
288 971 368 1042 dies,
389 974 535 1033 habituros
553 973 608 1033 esse
625 971 751 1031 viciffim.

57 1049 261 1107 rosoomnibus
278 1050 317 1108 eli
331 1046 403 1108 adel)
422 1053 504 1110 tetris
519 1067 577 1110 nox
596 1066 673 1126 aequa
691 1047 758 1109 diei.

120 1126 196 1185 Solis
213 1125 290 1183 enim
304 1125 398 1184 radius
416 1137 559 1187 terrenum
575 1126 723 1187 intersecat
737 1143 817 1184 axem

120 1202 166 1262 nd
181 1201 434 1278 perpendiculum,
455 1217 539 1281 atque
555 1203 630 1280 polis
645 1203 808 1263 distantibus
824 1199 903 1277 aequt's

123 1281 248 1341 Partitur
263 1278 359 1336 lumen
371 1277 422 1336 Sol
437 1281 515 1355 aequs
526 1279 607 1339 lance
622 1277 743 1340 duobus.

124 1359 217 1438 Quam
232 1356 251 1414 fi
265 1349 341 1416 sorte
353 1353 463 1429 plagam
477 1357 616 1415 alterutro
630 1349 679 1414 suls
692 1355 807 1414 cardine
822 1352 933 1416 Mundi

62 1432 290 1501 rosslncoleres,
308 1431 361 1487 tini
375 1430 425 1489 Sol
437 1445 517 1507 parte
530 1443 680 1566 appareret
693 1434 728 1490 ab
743 1431 790 1489 illi

123 1512 236 1586 Junilus
251 1506 411 1563 horizonti:
432 1509 500 1580 quin
515 1520 542 1566 ta
554 1526 598 1567 em
613 1506 661 1566 sex
675 1524 776 1582 quater
794 1505 890 1581 horis,
984 1534 987 1543 ·

123 1585 222 1666 Qualis
238 1585 265 1640 in
280 1578 382 1640 occasu
396 1584 442 1640 vel
461 1584 491 1642 in
507 1596 574 1642 ortu
588 1584 642 1653 est,
665 1583 719 1642 effe
736 1584 868 1653 videres,

122 1661 370 1732 lambentemque
386 1656 476 1720 solum
489 1659 570 1720 rutilst
584 1660 732 1719 circumire
744 1661 864 1727 coronis,

163 1814 264 1874 Ecca
284 1821 395 1881 autem,
416 1809 483 1871 dum
496 1813 588 1872 Terra
609 1812 656 1872 die
670 1815 847 1873 convertitur
861 1810 936 1891 itio,
986 1790 989 1795 ¹

63 1893 156 1952 1⁰401n
169 1903 302 1949 torrente
314 1900 429 1958 namna,
438 1950 440 1955 ,
450 1888 509 1964 qul>
527 1887 583 1948 fert
597 1889 751 1966 Eclipticus
764 1890 860 1963 oriris,

123 1965 309 2043 Progredirur
322 1963 473 2037 quiddam3
491 1983 556 2040 pars
572 1966 738 2043 sexagefima
752 1970 850 2043 quinta
866 1968 909 2028 eli

124 2047 216 2122 Supra
230 2053 389 2102 tercentum
406 2041 484 2117 spatii
498 2041 578 2118 quod
589 2042 700 2118 perficit
715 2061 801 2104 anno.

124 2127 224 2198 thue
238 2121 306 2177 mari
319 2117 416 2176 medio
427 2120 541 2193 rapiunt
554 2119 627 2178 vada
642 2119 713 2196 saepe
729 2123 867 2191 carinam,

128 2201 281 2261 Abducunt
304 2196 414 2266 nevil,
435 2196 563 2272 quamvis
577 2196 607 2255 in
620 2197 687 2255 uela
699 2195 828 2257 faventes
928 2203 930 2206 ’

63 2275 280 2355 ιο4ς,ΑάΓρῑτει]ῑ
297 2292 300 2296 ·
320 2272 438 2348 ephra,
458 2289 551 2349 neque
564 2271 706 2332 declinare
720 2288 850 2349 putetur3

125 2350 231 2414 inscius
245 2348 350 2407 erroris
365 2362 463 2408 nautas
476 2349 505 2407 in
518 2355 609 2424 ponte
620 2351 734 2423 quietos

125 2427 269 2490 Permittit
284 2427 437 2502 ventisque
449 2427 504 2485 frui
523 2426 658 2503 coeloque
676 2421 793 2495 sereno,

125 2507 164 2567 Et
177 2514 320 2571 numerat,
339 2516 401 2578 quae
419 2520 479 2563 non
495 2503 622 2579 explevit
635 2499 722 2560 millia
737 2503 845 2560 restore
926 2566 927 2571 η

125 2586 174 2646 Sic
190 2590 245 2641 nos
259 2579 374 2658 postera
385 2579 552 2639 lux'noduni
568 2574 764 2637 transcendere
780 2576 884 2648 cernit,

64 2660 349 2732 xosoDeserimusque
366 2655 457 2723 viam,
477 2662 539 2730 quar
554 2653 667 2731 pianum
682 2648 757 2712 Solis
774 2651 804 2710 in
816 2651 906 2730 ipsum
933 2702 936 2707 .

124 2739 191 2796 Nos
203 2735 365 2794 adducebat
378 2731 508 2792 conscili
524 2741 604 2808 parte
617 2726 685 2787 diei.

123 2813 211 2872 Tunc
225 2812 322 2873 Solem
336 2809 486 2884 incipimus
500 2806 642 2884 paulisper
653 2802 760 2865 habere
777 2805 927 2872 sinistrum.
979 2842 983 2847 ·

123 2888 195 2961 Nan
208 2893 352 2968 AEquator
364 2886 458 2959 enim,
476 2882 525 2946 sed
538 2880 658 2944 clrculus
671 2878 823 2975 AEqnatori

88 2989 95 3011 s
127 2965 279 3026 Proximus
292 2965 329 3025 ad
343 2964 458 3034 levam,
478 2979 530 3039 per
543 2961 656 3037 planum
670 2958 745 3021 sons
760 2961 809 3021 ubi
822 2963 872 3023 lux

68 3041 256 3106 soerimidta
273 3042 332 3114 eil,
350 3039 462 3105 nanim
489 3053 548 3100 tum
564 3037 679 3101 tertiusr
706 3036 772 3098 inde
789 3038 951 3117 sequentes.

63 3187 85 3213 ι,
123 3118 344 3203 Crimquerotn
360 3117 457 3180 smilis
468 3125 568 3194 pergat
583 3113 735 3176 decurrere
748 3109 848 3174 ‘sellus

976 3198 997 3261 t
