2144 3502
7 210 158 307 Europae
183 212 342 310 gentibus
365 203 409 277 ad
433 203 553 302 pattiae
577 204 644 280 suae
669 210 813 308 gloflam
826 206 984 285 ostenta,-

6 326 79 402 nist
110 313 144 388 in
169 304 333 409 prosperis
357 325 429 377 non
445 306 573 396 elatus,
600 328 670 379 non
693 308 850 387 demissus
867 312 901 384 in
921 313 982 385 ad.

9 409 138 500 versis,
155 409 210 482 sed
228 404 379 500 utrisque
398 403 497 477 altior
512 403 550 477 dt
570 429 632 502 par
649 404 728 479 fibi:
744 430 867 505 quanta
882 430 982 481 men.

9 511 56 585 tis
70 503 247 586 celeritas!
276 521 402 598 quanta
417 502 640 600 excogitandi
655 504 726 577 vis!
753 530 878 600 quanta
897 502 991 581 faci-¹

9 611 85 685 litas
103 627 143 678 ac
162 601 321 675 mollities
337 601 381 674 ad
398 602 554 675 omnium
574 604 708 676 animos
725 601 879 698 fingendi
901 605 934 679 se
951 605 987 680 se

10 730 52 778 ac
66 699 248 776 flectendi!
275 697 451 774 Nestorea
469 721 505 774 ut
522 696 697 789 sanetius,
724 699 771 773 fic
789 704 832 773 ab
847 702 994 803 ipsajuf

13 819 157 877 ventute
182 797 365 888 facundia,
391 821 468 896 quae
492 800 535 874 ad
550 801 661 880 sensus
676 799 889 873 audientium
904 818 995 878 cutn'

14 899 182 975 suavitate
212 894 367 971 afflueoet
397 898 435 972 ἃ
457 898 662 995 illaberetur.
721 898 812 970 Haec
835 895 873 970 dt
903 900 990 994 alia,

16 1018 94 1094 quae
116 997 175 1070 vel
197 995 233 1068 in
256 996 397 1070 occulto
421 997 555 1092 majora
575 996 677 1086 sunt,
702 996 840 1083 lenitas,
868 992 994 1070 huma.

16 1094 130 1183 nitas,
157 1113 277 1169 natum
299 1093 344 1167 ad
367 1093 555 1166 amicitiam
581 1092 728 1188 petius,
768 1091 992 1192 despicientia

17 1192 237 1282 divitiatum,
266 1210 410 1290 quarum
438 1191 589 1284 pretium
614 1193 743 1273 nullum
760 1212 907 1268 noverat
928 1192 993 1268 nist

19 1309 185 1390 quatenus
199 1289 242 1366 ad
258 1288 469 1387 largiendum
480 1288 721 1387 suppeterent,
735 1290 883 1366 studium
895 1311 996 1366 tuen·

21 1392 74 1465 dae
102 1386 314 1485 Religionis,
342 1410 444 1484 quam
466 1387 645 1485 eat-ipsius
672 1389 883 1489 cogitatione
908 1413 997 1466 nun·

21 1488 126 1585 'quam
146 1485 303 1559 removit
315 1502 374 1560 tut
389 1484 457 1560 otii-
470 1488 635 1584 voluptas
644 1540 657 1578 ,
672 1507 730 1561 aut
745 1488 912 1562 tumultus
933 1509 997 1563 ne·

20 1588 214 1687 gotiorurn,
237 1581 695 1681 jam'disettillinlittatlata
711 1585 796 1659 sunt,
822 1586 903 1659 Noa
921 1583 998 1682 qui·

21 1689 86 1761 bus
102 1698 238 1758 tanturn
254 1680 683 1784 nunc·tr1ron,·-quantus
697 1683 781 1775 fuit,
806 1680 997 1778 complecti
1014 1688 1017 1692 ’

22 1803 138 1860 totum
153 1798 224 1856 non
247 1782 345 1874 litet,
373 1806 414 1859 oa
430 1782 598 1860 duntaxat
613 1804 693 1881 quae
705 1784 748 1859 ad
763 1781 999 1857 Anti-Litore.

22 1882 63 1959 tii
80 1879 258 1958 historiam
276 1882 470 1979 pertinent,
496 1883 707 1979 explicanda
720 1883 930 1979 suscipimus.
1013 1956 1015 1961 .

71 1979 169 2054 Odit
195 1980 376 2056 oaotnnt
398 1981 540 2056 redient
549 1996 645 2055 anno
659 1990 752 2077 1697
768 1983 885 2057 Abbat
905 1980 1000 2057 Poli-

23 2079 144 2157 niacut
169 2080 206 2156 in
221 2079 366 2155 Batavis
389 2077 894 2178 aliqnandtuoommonatetut,
921 2080 984 2172 plu

25 2179 120 2256 timis
134 2179 171 2254 in
187 2178 372 2291 colloquiis
386 2200 467 2251 cum
483 2177 675 2253 acutissimo
694 2176 772 2250 vito
789 2176 892 2250 Petro
912 2177 968 2248 Ba*

25 2276 93 2368 ito,
118 2272 176 2352 seo
202 2277 260 2374 qai
287 2289 327 2348 'tn
351 2274 454 2349 causi
470 2274 663 2374 Religionis
688 2295 850 2372 tanquam
863 2273 901 2346 in
918 2275 952 2346 St

27 2374 215 2475 caligaret,
240 2373 286 2448 de
299 2366 343 2446 iis·
355 2396 432 2470 quae
448 2373 603 2472 spoliant
617 2373 659 2447 ad
676 2371 896 2470 Religionem
916 2394 949 2446 vt

28 2491 118 2546 tatus
150 2469 212 2544 est.
269 2470 377 2568 Igitur
400 2471 556 2550 incensus
579 2469 691 2544 studio
719 2471 869 2547 veritatis
897 2487 951 2564 atq

28 2568 186 2658 virtutis,
204 2569 366 2662 concepit
381 2572 498 2645 animo
517 2570 790 2668 magnitudinem
809 2567 940 2666 hujuso

31 2667 98 2759 tis,
127 2686 193 2764 quo
209 2666 409 2740 ltactetiunt
432 2671 627 2744 lltlteotum
650 2666 833 2743 antistitem
848 2687 925 2768 atqu

30 2767 184 2840 taculum
207 2767 336 2840 collato
365 2764 457 2862 pede
486 2766 696 2864 profligaret.
757 2770 907 2867 ltaque?

31 2862 110 2962 post
126 2865 162 2937 in
187 2865 275 2941 Boni
290 2865 417 2941 Pontia
432 2863 732 2941 Abbatiaesetollu
746 2867 888 2944 seclusus

32 2963 135 3060 gotiis
151 2952 193 3038 ac
207 2960 268 3041 fibi
277 2963 455 3069 -tedditut‚
470 2963 621 3064 quinque
632 2964 883 3048 Anti-Lucretii

32 3272 81 3374 ἲ
