2144 3502
116 158 173 222 :⁶2
286 151 861 222 ANTLLUCRETIUS.

120 288 192 349 Non
211 287 288 348 secus
302 303 335 345 ac
351 284 463 360 lympht
479 287 569 358 vesci,
591 297 652 348 tum
673 306 752 351 crura
769 287 919 362 natando,

123 366 161 426 Et
177 365 293 441 longum
314 361 405 420 femur
419 360 445 419 ἃ
459 362 552 422 nudos
571 367 677 441 agitare
697 370 834 440 lacertos,

124 441 240 518 Scirpea
260 437 383 498 clamoso
402 437 458 498 late
477 439 541 498 loca
555 459 686 517 rumpere
702 457 801 514 cantu,

73 518 190 654 urguo
205 515 288 594 pulsa
307 511 441 574 resonant
459 512 554 575 aestivi
573 521 656 577 nocie
670 519 802 595 paludes,

149 595 261 653 rederet
276 588 391 647 alterius
405 591 469 652 vita:
484 592 640 669 primordia
654 598 781 667 nariam,

121 671 219 745 Atque
231 668 262 724 in
283 664 422 740 pisciculis
442 684 548 729 annum
568 685 621 729 exe
641 668 690 728 ilse
707 671 857 741 juventu?

120 744 206 804 Piscis
224 753 285 801 erat
297 741 452 818 capitatus:
471 745 499 805 ei
513 688 658 821 perlucrfia
670 762 778 804 remum

122 817 219 879 Gauda
237 816 426 892 ministrabat,
446 838 530 897 quem
544 819 656 879 flectere
677 832 760 879 norat
777 821 806 878 in
821 823 920 891 undis:

68 894 218 956 azoExiles
237 896 349 970 pinna,
370 910 445 956 teres
465 895 590 971 undique
610 912 713 970 corpus
727 894 753 953 &
769 907 870 956 atrum.

120 972 168 1034 Sic
182 987 242 1029 ovo
267 971 371 1030 exivit:
394 987 460 1030 runa
474 970 531 1028 hoc
551 972 580 1028 in
595 970 670 1046 pisce
686 971 800 1032 latebat.

120 1047 217 1122 Atque
236 1047 265 1107 id
285 1064 346 1107 non
362 1058 468 1105 temere
481 1057 530 1105 aut
548 1047 627 1113 raro:
648 1045 693 1106 sed
707 1046 816 1125 semper
836 1048 941 1113 eodem

119 1125 184 1187 Hos
202 1125 299 1204 peragi
315 1121 397 1183 ludos
411 1120 468 1179 ritu
486 1124 620 1184 miramur
632 1125 748 1201 ubique.

157 1275 244 1336 Nnc
262 1273 353 1335 sollum
371 1271 401 1330 in
416 1272 539 1334 minimis
553 1287 657 1350 nature
670 1279 767 1354 regula
786 1280 891 1351 brutis,

67 1351 169 1414 trrllst
190 1353 274 1410 etiam
287 1351 317 1407 in
331 1350 440 1423 magnis
455 1350 579 1418 constat:
599 1351 647 1411 seu
660 1358 789 1429 corporis
803 1372 896 1426 artus,

110 1429 176 1490 Seu
187 1425 276 1485 studia
289 1425 317 1483 ἃ
335 1441 446 1498 mores,
468 1440 517 1488 aut
531 1445 626 1487 curam
642 1431 731 1504 prolis
746 1432 853 1491 alenda:

96 1574 99 1581 Ι
119 1505 178 1566 Seu
190 1503 295 1560 vidium
310 1501 451 1576 inspicias.
477 1506 553 1563 Nam
572 1504 645 1560 fulvi
659 1515 737 1579 terga
752 1472 872 1564 Leone}

117 1578 255 1651 Semper,
276 1575 304 1635 ἃ
322 1576 420 1636 hirsuti
434 1575 588 1636 nemoroso
606 1578 750 1634 montibus
765 1580 846 1647 Urs,

119 1653 157 1711 Et
170 1652 271 1726 Tigres
289 1655 390 1725 varlae,
409 1652 436 1710 ἀ
455 1652 567 1709 latitans
582 1648 751 1708 Crocodilus
766 1651 793 1708 in
810 1652 892 1710 undis

66 1725 219 1793 rrsPraedae
241 1728 368 1790 inhiant:
386 1739 473 1786 vexat
485 1724 618 1784 Perdices
631 1738 715 1799 arque
736 1726 889 1787 Columba:

116 1804 278 1880 Accipiter:
301 1803 402 1867 timido
415 1804 513 1877 Lupus
536 1800 679 1860 insidiatur
698 1798 786 1863 ovili:

114 1880 219 1940 Pascua
238 1884 350 1947 Taurus
366 1889 454 1947 amat,
477 1894 625 1953 comuque
643 1878 773 1940 lacessere
789 1879 887 1956 gestit:

114 1955 239 2032 Frigorls
261 1955 409 2033 impatiens
428 1966 530 2016 terram
552 1954 711 2015 Philomela
732 1956 873 2017 calentem

115 2033 240 2168 guoti,
260 2031 336 2093 &acl
348 2043 435 2091 notos
450 2048 515 2092 cum
534 2030 601 2092 Sole
621 2034 731 2094 reversa
745 2047 866 2111 penates

66 2123 109 2177 trs
148 2109 276 2169 ulcisono
292 2106 351 2166 nidi
366 2107 470 2167 solatur
485 2107 567 2167 todia
587 2125 687 2178 cantu,

115 2187 214 2249 Incola
229 2182 365 2243 semestrIs
380 2183 497 2259 patria,
518 2185 653 2245 semestris
668 2184 695 2244 ἃ
712 2186 795 2247 exul:

116 2260 331 2334 contususque
349 2259 451 2318 domos
471 2261 620 2337 peregrina
634 2263 727 2321 revistt
739 2256 883 2320 Hirundo.

115 2339 218 2395 Cetera
238 2334 306 2411 quid
326 2336 447 2397 referam
466 2339 571 2398 cunilis
590 2338 719 2397 animalia
731 2335 812 2394 terris

116 2414 154 2473 Et
173 2409 292 2487 pelago:
313 2409 412 2473 mundi
424 2413 527 2487 quibus
548 2416 696 2475 immutare
713 2407 836 2469 vetustas

66 2489 168 2563 rquNil
181 2489 291 2566 potuit;
312 2489 381 2550 licut
394 2504 488 2565 neque
508 2489 640 2548 frondem
651 2490 796 2553 suvertere
814 2486 924 2558 laurus,

116 2568 182 2635 Nec
201 2567 278 2638 junci
296 2567 451 2637 calamum,
473 2578 522 2624 aut
536 2564 620 2625 viola
632 2561 775 2621 vernantis
791 2562 939 2627 odorem?

116 2646 170 2715 Et,
192 2643 212 2703 s1
230 2643 389 2718 plantarum
402 2652 456 2699 aut
474 2638 664 2708 animantum,
686 2635 783 2710 saepiirs
803 2651 834 2703 ut
846 2640 895 2718 fit,

114 2720 283 2794 Degeneres
302 2720 409 2796 aliquas
429 2716 505 2774 vitio
521 2715 629 2776 telluris
641 2712 668 2770 ἃ
680 2729 769 2786 aure,

115 2795 182 2854 Sive
198 2796 361 2856 emendatas
376 2791 453 2853 cultu
471 2791 590 2852 meliore
608 2789 754 2859 videmus,

66 2882 107 2942 scr
117 2873 163 2932 Tu
181 2889 218 2931 ne
236 2882 390 2947 propterea
404 2868 527 2929 mutuari
545 2867 651 2928 semim
667 2868 784 2929 credas:

113 2950 186 3008 Nam
203 2949 331 3023 permissa
343 2946 392 3008 sibi
404 2945 525 3012 redeunt
541 2942 577 3003 ad
594 2945 708 3019 prillina
722 2943 851 3024 semper,

107 3025 152 3092 Et
163 3021 267 3103 quovis
282 3021 394 3087 detorta
407 3022 438 3087 iu
452 3021 480 3088 se
497 3021 607 3088 Natura
626 3023 754 3088 recurrit.

923 3180 1021 3263 Qun
