2144 3502
259 159 478 224 ninus
541 153 876 226 inustus
937 119 1017 221 &n

126 297 257 358 Partibus
270 292 318 353 hic
331 292 436 368 poterit
454 288 556 353 modus
570 289 639 350 exul
652 291 747 362 abire,
768 291 814 353 uel
830 291 900 357 illes

128 374 203 432 Non
214 371 255 430 eit
271 372 390 435 nativus.
408 366 465 429 Sed
478 385 602 445 corpore
617 369 708 428 cernis
729 366 759 428 in
779 368 859 429 omni

127 446 281 527 Quaslibet
297 445 390 507 attritu
402 444 506 507 mutari
522 443 600 523 polle
619 443 744 521 figuras,

74 521 310 597 esoFormarique
322 538 422 585 novas.
438 520 517 598 Ergo
534 520 690 583 adventitia
702 538 747 581 tes
764 519 805 582 est

129 599 259 658 Materio
278 599 439 674 quicunque
454 595 572 669 modus,
593 612 770 678 quocumque
781 597 884 676 figura.
959 660 962 667 ,

166 749 245 809 Hoc
265 763 328 813 tuus
343 751 401 826 ipse
414 746 530 825 quidem
546 749 608 811 latis
625 751 800 814 intellexerat
814 749 926 820 uuilon,
960 809 963 814 .

126 826 189 884 Nec
204 826 313 890 dubitat
327 829 406 885 Vero
425 822 528 884 cedens
541 827 663 905 persaepe
678 828 775 889 fateri:

127 902 183 961 Cur
201 917 292 975 nunc,
313 901 408 963 everu
422 899 514 960 subito
533 903 644 963 ratione
658 904 823 977 modorum,

76 978 255 1042 sseAEternas
270 979 382 1040 Atomis
397 977 447 1037 dat
465 977 557 1037 moles
578 986 663 1056 atque
683 979 699 1037 il
721 997 799 1050 uras,
973 1044 976 1049 ,

123 1056 277 1115 Immemor
296 1055 353 1130 ipse
367 1054 433 1114 suli
456 1053 600 1187 quidnam
614 997 798 1116 inconfiantie
813 1067 890 1116 tan'tt

121 1127 294 1192 Portendit‘l
312 1131 410 1206 Janne
431 1131 488 1202 ipe
507 1133 585 1208 capis
599 1129 681 1208 quim
700 1128 776 1189 foeda
794 1129 925 1205 magistro
1011 1182 1014 1186 .

119 1205 192 1264 Inde
211 1219 264 1264 tuo
278 1219 363 1276 nota,
402 1222 479 1265 uaeve
498 1206 568 1268 fides
584 1206 618 1266 lit
634 1205 919 1278 habendubilinguii

17 1276 22 1283 ’
122 1281 193 1338 Haec
213 1276 360 1352 conjuntt'a
378 1221 465 1353 polet,
485 1282 549 1343 cum
570 1281 607 1355 de
632 1284 728 1359 primis
742 1279 907 1348 elementis,

58 1369 121 1406 1000
128 1357 166 1413 At
186 1354 250 1415 cium
269 1355 305 1415 de
324 1354 417 1417 mixtis
430 1356 520 1419 sermo
539 1357 596 1430 est,
614 1371 716 1418 eventa
730 1371 850 1416 vocare:
924 1372 927 1377 ’

125 1427 182 1488 Sed
196 1446 273 1490 noua
289 1447 349 1490 non
365 1447 458 1492 rerum
477 1447 603 1496 naturam
616 1435 732 1494 nomina
751 1441 869 1490 mutant.
916 1499 920 1506 ,

122 1503 232 1565 Nonne
246 1510 368 1568 Atomos
386 1509 506 1581 nrixtas,
529 1523 560 1572 ut
580 1527 630 1570 cor
651 1526 701 1569 ora
720 1507 833 1578 cunita,
852 1508 995 1583 probavi?

122 1580 175 1639 Nil
191 1582 276 1716 igitur
290 1582 467 1654 conjunttum
482 1586 594 1647 Atomis
608 1527 764 1646 asscribere
776 1600 826 1660 per
843 1582 900 1651 est.

124 1657 192 1734 Quo
232 1661 326 1720 mixtis
344 1660 449 1736 pariter
463 1663 643 1734 conjunctum
662 1678 722 1721 non
739 1661 787 1729 fit,
808 1658 901 1737 &ipfl

60 1733 272 1806 revertentia,
293 1734 343 1804 stc,
364 1745 394 1792 ut
413 1750 536 1809 nequent
551 1736 673 1814 perstare
692 1737 749 1796 fine
764 1735 814 1795 illo

123 1807 273 1869 Materies.
294 1811 476 1887 Quocunque
489 1812 582 1886 potest
595 1814 694 1871 orbata
708 1811 800 1870 videri

121 1884 235 1958 Integra
249 1882 277 1959 ἃ
289 1882 457 1954 incolumis,
478 1888 658 1959 conjunctum
678 1887 735 1945 hoc
750 1885 854 1944 serlicet
872 1886 923 1964 ipii

123 1957 276 2031 Appellare
291 1955 387 2016 nefus:
408 1958 539 2037 interque
551 1973 653 2021 eventa
670 1959 821 2021 locandum
834 1963 887 2026 est.

123 2030 209 2091 Haud
228 2031 314 2092 ullum
330 2048 433 2109 corpus
451 2033 508 2096 fine
521 2036 711 2112 qualicunque
728 2035 815 2110 figura

59 2108 256 2184 rexoUnquam
279 2107 348 2168 stare
359 2109 467 2185 potesis
486 2112 571 2188 igitur
585 2111 731 2184 conjuncta
748 2109 859 2184 reapse,

125 2183 299 2260 Corporibus
319 2184 441 2260 curritis,
460 2187 499 2248 ell
512 2187 714 2278 qualiscunque
736 2183 840 2260 figura,

120 2261 163 2321 Ut
176 2271 245 2335 pote
264 2260 348 2322 finitis
362 2280 396 2322 ac
408 2274 489 2324 certo
510 2263 601 2323 limite
622 2261 729 2322 claufis.
806 2290 810 2297 ·

116 2336 176 2396 Cot
197 2352 227 2396 ue
247 2349 276 2397 at
291 2355 377 2399 omne
391 2340 482 2415 potest
501 2339 558 2399 sme
572 2337 622 2409 tali
643 2337 713 2399 stare
731 2338 835 2418 figuris

119 2353 198 2489 ungi
215 2429 273 2472 non
288 2415 349 2474 talin
364 2417 563 2490 conjungitur,
583 2417 680 2476 evcnit
694 2415 753 2491 ipii.

57 2512 110 2557 tots
121 2491 162 2550 Ut
185 2487 241 2549 fine
256 2491 446 2566 qualicunque
461 2491 512 2552 litu
526 2491 674 2552 consistere
687 2509 791 2568 corpus

118 2566 189 2626 Nou
209 2569 332 2645 poterit;
352 2569 457 2643 poterit
472 2567 529 2626 sme
543 2567 607 2636 tali,
630 2569 677 2628 vel
696 2569 835 2631 fructuli:

117 2643 183 2703 Nec
201 2641 290 2704 refert
304 2644 352 2703 ubi
367 2643 414 2716 stt,
435 2643 522 2704 modo
535 2645 655 2721 quidam
668 2645 734 2706 sede
755 2644 876 2704 locetur.

58 2842 62 2850 ,
156 2793 264 2857 Hnun
285 2795 363 2860 certe
378 2799 493 2874 ingenio
512 2807 585 2859 totas
601 2799 739 2875 Epicurus
758 2794 882 2858 habenas

119 2867 368 2956 Immifitspaucis
388 2891 491 2934 ornans
506 2875 552 2934 sua
568 2874 670 2934 semina
686 2870 793 2931 formis.
858 2929 860 2934 ,
1017 2940 1020 2946 .

55 2972 116 3012 seeo
123 2939 241 3016 Fingere
261 2947 325 3009 oiim
343 2950 441 3023 sciret,
462 2950 561 3025 quidni
575 2949 654 3009 aulus
668 2949 774 3022 fing'ere
792 2947 908 3022 plures?

120 3016 218 3079 Cur&
233 3022 406 3101 Anaxagorae
421 3025 569 3086 contemfit
580 3023 850 3086 Homoeomeriami

117 3095 188 3160 Non
204 3097 355 3187 Epicureis,
370 3099 506 3173 audatior
521 3100 573 3170 illu
586 3100 732 3183 repertus
750 3174 782 3240 q
802 3187 827 3245 ’ὃ
