2144 3502
118 142 195 222 arr
275 125 862 209 nura-nucanrrue

116 275 260 354 Pyramidi
274 287 322 334 aut
343 291 420 333 cono
436 276 548 350 paribus
569 275 718 335 eonsrstere
732 277 821 349 novi,
845 288 848 292 ’

114 356 174 488 gui
189 352 384 428 moturapido
398 350 484 426 longe
504 351 616 427 lateque
632 353 771 411 feruntur.

147 447 189 489 am
212 431 270 506 qub
289 445 347 485 non
367 427 537 502 penetranti
557 430 668 506 Quovis
688 429 855 504 incorpore
874 437 967 503 parter

116 507 282 581 Exagitant,
304 516 451 578 rumpunt,
472 503 614 574 lacerant,
642 502 829 579 solvuntque,
848 505 1022 580 fugantque,

63 582 268 657 45⁰Dispofitas
284 591 370 654 prout
390 578 594 652 inveniuntrss
615 577 689 637 sorte
703 581 829 652 quietas,

115 659 159 717 Ac
179 658 297 732 pressas,
319 657 419 713 ineunt
437 652 530 730 agre,
551 671 583 712 ac
598 654 743 712 molimine
763 655 873 731 longo:

114 732 203 815 Qubd
222 733 242 791 sr
260 730 409 800 discretas,
431 729 605 806 pervadunt,
626 730 731 802 visque
746 744 900 792 morantur.

115 809 277 867 Mobilibus
292 809 437 880 proprium
452 805 530 865 facili
542 807 693 864 conamine
712 818 820 864 motum

118 885 322 942 Contribunnt
341 884 374 940 In
398 882 552 957 sulphureis
568 882 741 940 cumulantur
757 881 783 937 bt
799 882 920 948 harentt

66 962 222 1019 ettDonec
236 957 335 1016 divisas
350 959 479 1033 penitus,
502 957 606 1017 circium
623 957 734 1033 agmine
755 955 847 1025 sesto,

117 1034 307 1094 Abstulerint:
317 1050 361 1091 ac
378 1033 455 1091 mille
469 1031 560 1092 modis
575 1033 696 1092 volitare
711 1031 858 1094 videnturt

23 1166 25 1171 .
118 1109 206 1188 Qubd
220 1111 329 1168 sumum
344 1107 495 1170 undantem
510 1105 537 1166 ἀ
555 1109 652 1186 pingui
669 1107 787 1185 fuligine
802 1109 935 1183 plenum,

117 1188 181 1266 Qut
200 1185 227 1245 se
240 1189 353 1259 cunque
373 1185 419 1242 via
431 1188 616 1318 promoverit
635 1185 700 1256 ille,
723 1186 827 1252 secuti,

116 1263 261 1337 Perpetuo
274 1260 410 1336 spolient;
442 1261 578 1336 poliutum
599 1261 701 1326 deinde
719 1261 887 1337 relinquant.

67 1339 354 1415 4eolnterealucent3
375 1337 474 1416 rapido
494 1337 560 1411 quia
580 1338 692 1396 turbine
707 1336 812 1397 circium

117 1416 243 1484 vibrati,
265 1408 357 1471 radios
371 1412 530 1472 constanter
544 1413 573 1472 in
589 1414 693 1470 ethera
711 1415 841 1474 mittunt:

119 1492 202 1568 Quos
217 1490 265 1548 ubi
281 1485 413 1546 refranos
433 1489 527 1560 varie,
548 1488 682 1562 varieque
702 1488 826 1547 reflexos

118 1567 229 1623 Rerum
246 1563 418 1634 obiestarum
433 1567 519 1623 socies
543 1563 704 1623 transmittit
716 1562 751 1618 ad
767 1565 852 1624 imam

119 1643 232 1698 Partem
250 1638 345 1707 oculi,
364 1638 456 1698 subitb
477 1640 585 1697 illarum
601 1638 627 1696 se
646 1637 742 1696 vivida
756 1638 851 1712 imago

69 1727 113 1782 4⁶5
123 1715 216 1788 Pingit
230 1713 288 1782 ibi,
309 1712 379 1771 solet
395 1727 425 1773 ut
438 1714 503 1774 lieri
518 1717 546 1773 in
561 1717 689 1788 nigrante
707 1714 828 1772 tabelli:

120 1790 198 1850 Tum
214 1788 296 1849 vatiae
315 1801 451 1867 apparent
471 1791 583 1862 formae,
605 1790 731 1866 variique
750 1790 875 1848 colores.

159 1936 304 2004 Asverb
323 1942 440 2002 flammis
460 1944 508 2001 ubi
523 1943 649 2019 sulphura
666 1941 748 2009 nulla¹
762 1941 869 2001 ciendis

122 2018 357 2095 suppeditantur,
379 2021 435 2094 agit
455 2016 638 2077 nihilominus
660 2020 756 2078 intima
776 2018 909 2093 serpens

121 2097 176 2155 Per
196 2097 280 2168 loca,'
297 2095 343 2155 sed
359 2096 479 2168 tacitus,
499 2094 640 2170 longeque
656 2095 803 2154 obscurior
824 2095 906 2170 ignis,
928 2147 931 2151 Δ

68 2189 115 2235 07⁰
124 2173 261 2248 Exiguam
277 2172 369 2231 reddit
393 2170 505 2242 lucem,
527 2170 546 2227 sr
566 2186 654 2244 pauca
670 2171 822 2244 supersunt.

120 2251 198 2307 Nam
213 2248 323 2323 fulgere
339 2249 438 2323 nequit
461 2246 555 2306 radius
573 2246 622 2304 nisr
637 2249 726 2306 rettus
746 2245 850 2317 abillo

119 2324 314 2392 Proveniens,
334 2325 420 2382 intret
433 2321 534 2382 nostra
553 2321 704 2398 iubeatque
723 2322 852 2384 foramen
957 2371 960 2376 ,

120 2397 245 2472 Pupilla.
264 2399 386 2479 Quoties
407 2398 694 2458 curvis'amfrattibus
715 2409 810 2464 errat.
859 2454 860 2458 ,

120 2475 207 2533 Tunc
221 2474 298 2532 latet.
319 2474 441 2534 Occulto
455 2474 588 2533 calefiunt
601 2491 722 2548 corpora
736 2485 836 2553 motu„

72 2551 114 2607 stt
124 2550 243 2610 Posthac
262 2548 429 2624 frigescunt;
449 2551 496 2608 vel
511 2549 575 2624 cum
596 2549 700 2608 seceslit
715 2550 840 2618 inauras

120 2629 284 2701 signensis,
304 2627 349 2685 vel
364 2624 428 2683 ciam
446 2625 483 2685 src
501 2625 626 2700 partibus
640 2624 779 2699 implicuit
793 2625 838 2695 se,

121 2705 164 2760 Ut
177 2704 289 2777 penitus
306 2716 421 2777 torpens
436 2698 553 2773 angusto
566 2701 593 2756 in
610 2716 723 2758 carcere
737 2699 838 2768 ceffet;

119 2775 228 2838 Donec
243 2783 278 2841 ab
294 2776 400 2849 injectis
416 2774 543 2852 rediviva
557 2774 695 2834 efferveat
719 2773 812 2834 undis.
837 2790 839 2795 ’

155 2928 212 2985 ἘΤ
230 2933 296 3004 quia
310 2927 441 3006 grassatur
457 2936 547 2986 toturn
564 2926 663 2987 diffusa
678 2945 728 3003 per
743 2927 868 3003 Orbem,
925 2981 929 2986 .

70 3001 238 3081 posemper
257 3005 351 3076 adest,
373 3020 431 3062 non
448 3015 526 3061 mota
541 3003 672 3078 quidem,
692 3003 739 3063 sed
751 3017 863 3080 promta
878 3007 1000 3070 moveri.

120 3081 197 3142 Hinc
211 3078 284 3142 adeb
302 3079 375 3152 lusit
385 3078 541 3202 solidorum
560 3080 651 3145 excita
666 3082 796 3159 resurgit,
951 3159 1030 3219 somn
