2144 3502
56 150 181 227 ‘3354
263 143 864 221 “auuluucunrum

129 285 302 344 Circumfusa
316 288 423 358 oculis,
443 304 505 363 qua
521 304 581 348 non
595 285 792 350 fabricavimus
806 289 872 365 ipfi,
968 289 978 301 '

128 362 421 424 Auderemfecunda
437 364 533 435 suum,
553 363 738 443 nostrumque
749 366 870 442 perinde

75 437 122 493 ‘4⁰
130 438 304 515 vulgarunt:
332 442 460 517 suetique
474 442 624 510 homines,
643 445 776 502 miramla
789 457 886 501 rerum

128 516 226 575 Obvia
241 515 306 575 cium
319 518 459 593 spectant,
478 519 582 593 primas
597 519 743 596 inquirere
758 517 871 587 mulas,

126 591 218 650 Ociits
232 594 268 651 ad
280 594 396 654 Numen
411 595 438 651 se
451 609 624 653 convertere
633 608 791 669 paternum.

126 669 257 729 Notities
273 685 331 730 tum
346 682 441 744 coepta
453 669 494 727 sul
503 713 511 738 ‚
521 683 593 729 »tum
605 671 719 744 cognita
731 670 836 728 mentis

127 745 274 805 Nobilitas
287 745 362 803 socii
373 762 440 804 cum
452 745 616 816 debilitate,
634 747 760 821 bonique

75 822 117 876 ⁸45
127 820 280 880 ludefessiu
295 836 378 880 amor
388 821 465 880 nulla
475 821 526 879 hle
542 825 570 882 in
587 836 670 897 parte
683 819 802 898 reperti,

125 896 220 977 Quale
234 897 332 954 auimo
345 899 455 974 capitur
469 899 605 973 votisque
619 911 734 974 optatur
745 895 854 954 anhelis

123 972 336 1040 Insatiabiliter‚
357 974 488 1049 precibus
502 987 612 1033 tentare
625 977 770 1035 Pareutem

125 1048 288 1122 Compulit,
309 1049 404 1108 afflatu
416 1067 501 1124 quem
515 1051 612 1110 mulda
626 1051 725 1110 fovere
738 1049 877 1123 benigno,

123 1124 161 1181 Et
175 1123 284 1183 nostras
299 1127 397 1184 audire
410 1140 525 1199 preces,
545 1125 573 1183 da
587 1128 663 1203 veile
674 1131 789 1198 juvare.

72 1199 207 1259 uouelle
219 1201 247 1260 dt
261 1201 340 1276 pulle
352 1201 448 1270 simul,
472 1204 582 1260 Natura
597 1203 717 1262 suaserat
728 1204 830 1262 audior.

124 1278 191 1336 Huc
199 1279 289 1338 timor
301 1277 430 1339 accellit:
449 1278 514 1352 quis
525 1280 605 1336 euim·
615 1281 693 1337 buna
703 1278 831 1338 fervidus
844 1272 942 1346 ardet,

124 1353 204 1432 Quin
219 1353 291 1413 mala
307 1353 446 1412 continui>
462 1353 590 1412 metuat?
616 1357 703 1414 Mens
719 1357 795 1414 iuter
808 1367 963 1428 utrumque

123 1428 262 1509 laetatum
280 1431 443 1506 pariterque
455 1431 565 1489 animos
580 1431 722 1490 contraria
736 1443 864 1508 tangunt.

94 1556 102 1607 ¹·
160 1580 215 1640 Au
232 1581 303 1656 quia
315 1590 451 1653 terrarum
465 1578 598 1640 Dominis
612 1578 659 1638 lex
672 1579 749 1639 utilis
769 1581 815 1638 illa
831 1581 891 1651 eli,
933 1636 937 1641 .

69 1654 191 1731 ⁸15Quae
206 1653 326 1714 mortale
338 1656 509 1791 Deofieuus
524 1653 631 1727 alierit,
650 1666 736 1737 atque
751 1657 872 1714 minatur
907 1662 911 1666 ’
1013 1701 1022 1739 3

459 1726 579 1808 spondet
591 1729 691 1807 gaudia
704 1728 801 1803 retiis,

121 1728 270 1804 Sacrilegis
305 1723 398 1803 cenae,

274 1748 423 1870 lfibudium
437 1809 533 1877 venit.
545 1807 633 1873 'omui
647 1820 742 1869 mente
755 1807 880 1880 subaiii,

120 1805 160 1863 At
182 1820 218 1863 ue
230 1806 259 1866 iu

119 1820 246 1970 Legibus
261 1882 392 1944 humanis
400 1886 413 1955 ,’
423 1882 496 1961 ,fuge
512 1882 610 1943 credas'
623 1882 749 1960 Regibus
768 1884 834 1944 iude

119 1958 256 2018 Seruium
272 1960 314 2020 ob
329 1960 457 2037 regimen
471 1973 517 2020 tot
531 1959 672 2036 relligiosa
685 1972 797 2037 reperta

67 2036 113 2081 ⁸⁶⁰
121 2034 243 2095 Deberi:
266 2054 303 2096 ne
315 2036 348 2096 fit
364 2037 467 2098 crebro
477 2036 578 2110 jauata
591 2036 714 2097 tumultu

116 2111 234 2171 Publica
247 2129 308 2180 res;
327 2125 377 2174 aut
391 2112 520 2175 infrenos
536 2111 677 2173 discordia
689 2114 768 2171 cives

116 2188 247 2249 Urbibus'
258 2189 398 2265 exagitem
421 2188 469 2247 vel
486 2187 610 2264 'compita
622 2187 755 2263 unguine
770 2204 897 2259 maneum
959 2230 964 2259 ;

115 2262 212 2340 Atque
226 2264 315 2338 ipsum
329 2275 391 2326 ruat
403 2264 433 2324 in
451 2263 551 2326 solium
565 2262 733 2325 furibundus
749 2281 889 2344 atroxque

114 2335 266 2406 Libertatis
280 2358 370 2416 amor.
403 2341 478 2401 Nam
492 2340 621 2417 quamvis
636 2339 746 2416 legibus
761 2342 830 2404 adfit

63 2421 105 2474 ⁸65
114 2415 272 2490 saffragau
284 2417 385 2487 bonis,
407 2417 519 2495 Regum
535 2413 661 2478 iidiffim'a
673 2419 766 2478 custos

112 2492 259 2566 Religio,
283 2504 377 2552 tamen
389 2493 456 2555 aute
469 2494 522 2553 fuit
539 2491 622 2567 quim
637 2492 741 2571 sceptra
758 2493 872 2554 tenendi

113 2570 163 2645 Jus
176 2569 267 2639 foret,
288 2569 377 2644 inque
390 2586 491 2647 greges
506 2569 656 2629 hominum
671 2570 799 2629 corcella
811 2570 946 2644 potestas.
1003 2580 1010 2617 ἲ

113 2646 161 2705 Sic
174 2644 288 2706 laudum
305 2644 441 2723 famaque
455 2646 527 2717 fitis,
548 2647 584 2705 fic
594 2645 680 2705 ardor
693 2645 835 2716 habendi,

113 2723 152 2780 Et
167 2723 303 2784 nostraeo
323 2723 469 2798 probrium
484 2721 639 2781 malesuada
655 2719 782 2795 superbla
795 2722 917 2798 mentis,
956 2736 960 2743 ·

58 2796 158 2858 ⁸708ic
171 2801 281 2870 pudor,
302 2739 427 2873 garetii,
450 2800 566 2860 Naturae
580 2795 671 2867 dona,
694 2795 844 2872 voluutas,

109 2869 186 2933 Ante
202 2875 230 2932 iu
243 2874 360 2952 privatis
372 2874 501 2948 fuerant,
522 2874 656 2951 sapientia
668 2873 780 2948 Regum

107 2947 231 3008 Provida
244 2967 409 3012 communes
425 2951 507 3027 quim
523 2952 636 3012 vertere
649 2949 741 3010 nollet
754 2950 782 3009 in
797 2952 869 3014 usus.

107 3029 150 3087 Ut
164 3026 234 3090 ratiu
245 3025 394 3101 inventor,
418 3027 555 3104 liquidum
592 3027 620 3085 ui
636 3042 750 3087 currere
764 3029 895 3107 princeps

105 3101 196 3164 liuius
210 3101 278 3174 iter,
298 3104 452 3182 tubullque
460 3120 561 3175 uoeem
571 3044 626 3167 ibi
639 3100 746 3172 distulit
757 3107 831 3177 uni,

54 3215 130 3298 ι.
944 3181 1015 3244 Nur
