2144 3502
8 200 102 258 xum
200 130 805 262 qusrrxto.

11 340 203 443 Religionis
226 334 449 435 suspiciosus,
483 356 585 435 atque
616 347 719 417 omnia
747 361 817 422 tuta
843 349 955 419 titteris
968 400 984 441 ,

12 442 185 519 Loclxium
200 440 239 516 ἃ
254 436 460 511 Neutonum
478 435 695 530 perstrinxit:
716 445 874 536 quamvis
888 445 983 520 hunc

12 543 165 621 maxima
184 537 230 611 ob
253 531 584 617 Mathematicarum
607 537 731 608 artium
754 543 984 633 praestantiam

13 642 255 722 admiraretur,
281 630 466 743 &novam
488 632 563 728 ejus
584 633 628 707 de
649 634 821 712 coloribus
845 641 985 741 opinio·

13 763 97 815 nem
129 754 216 807 unus
248 749 403 804 omnium
428 731 580 804 maxime
609 737 843 829 approbaret:
883 760 987 836 quam

14 838 142 922 etiam,
168 829 228 903 ubi
245 854 288 903 ea
303 826 455 926 primlrm
471 830 505 902 in
523 829 673 903 Galliam
689 833 845 929 appulit,
873 834 894 905 ¹a
911 836 987 933 qui·

14 933 160 1011 busdam
176 926 287 1002 doliis
300 927 497 1000 hominibus
511 928 623 1002 mimis
638 929 787 1025 benigno
802 952 986 1025 exceptam

15 1029 164 1129 publicis
181 1024 427 1124 experimentis
442 1025 671 1101 confirmavit.
708 1028 753 1100 Et
769 1027 831 1125 ipsr
850 1029 988 1138 quidem
1033 1022 1037 1029 ’

16 1128 142 1229 gratias
162 1150 182 1200 e
208 1125 233 1199 it
253 1124 439 1198 Neutonus
462 1124 565 1218 pleni
596 1125 794 1199 urbanitatis
817 1124 986 1222 epistolii,

17 1228 85 1326 qui
107 1224 140 1300 se
161 1149 351 1309 abirmabat
372 1222 529 1296 maximo
551 1222 631 1297 cum
655 1223 820 1299 desiderio
843 1225 987 1297 moritu·
1052 1304 1055 1309 ,

17 1348 115 1414 rum,
144 1321 485 1396 Muti-Lucretium
506 1322 611 1396 totius
627 1322 778 1421 Europa
801 1324 894 1397 votis
916 1342 990 1397 tan-

18 1443 142 1525 topere
156 1419 345 1518 expetitum
362 1421 474 1517 legere
492 1417 552 1494 fibi
572 1444 642 1495 non
662 1419 868 1520 tonugillet.

68 1523 325 1593 eonrrrrrr
349 1517 450 1614 igitur
467 1520 594 1617 magni
615 1519 713 1614 sylvi
733 1543 848 1595 rerum
864 1543 905 1595 ac
919 1519 993 1595 sen·
1048 1582 1052 1593 .

20 1617 205 1696 tentiarum
217 1669 229 1705 ,
255 1613 302 1690 ita
324 1615 545 1707 decreverat,
570 1617 729 1692 absolutis
756 1619 917 1694 advertus
940 1618 991 1693 A·

19 1716 123 1794 theos
140 1714 262 1789 decern
276 1714 386 1802 libris,
401 1736 534 1788 novum
552 1715 711 1790 adversis
726 1717 881 1808 Deistas,
903 1741 992 1814 quos

21 1834 176 1903 vocant,
203 1831 376 1887 certamen
399 1811 584 1888 instaurare
601 1813 694 1886 libris
718 1815 882 1910 duobus,
916 1817 992 1911 qui·

3 1915 86 1988 ‘'bus
101 1911 140 1987 tit
158 1913 353 2009 Religionis
367 1912 409 1987 ab
429 1912 501 2008 ipso
518 1912 651 1987 traditae
673 1911 927 2003 necessitatem,
951 1914 992 1988 δε

19 2032 253 2110 propagatam
276 2012 318 2086 ad
338 2033 402 2084 uos
428 2008 449 2082 ὲ
473 2009 585 2107 primo
608 2032 751 2105 parente
775 2013 917 2104 labem,
951 2010 992 2086 ἅ

21 2108 147 2184 Christi
179 2110 397 2195 divinitatem
421 2107 678 2184 demonstraret.
736 2112 775 2184 ld
801 2110 840 2185 ἃ
864 2112 900 2185 in
921 2110 991 2184 hor

22 2210 96 2307 ipso
112 2210 280 2285 Poe'mste
302 2208 507 2306 pollicetur3
532 2205 571 2280 or
586 2207 623 2278 in
640 2205 736 2280 calce
754 2207 855 2303 hujus
876 2209 972 2302 oper'

22 2308 225 2382 adulterum
243 2305 325 2380 illud
338 2307 411 2414 jam
428 2303 569 2380 fleilere
584 2325 720 2377 currum
737 2304 883 2377 videtur.
918 2303 966 2375 Ht

22 2409 128 2481 bebat
149 2404 253 2478 etiam
276 2404 468 2494 inanimo,
493 2404 528 2477 id
549 2403 718 2478 declarare
741 2399 874 2488 funum
909 2404 964 2475 nib

23 2504 118 2578 aliud
140 2500 235 2576 faiffe
260 2501 512 2592 Idololatriam,
530 2576 531 2581 ,
547 2498 609 2574 rifi
632 2500 815 2597 quamdam
838 2499 953 2592 haerefir

25 2624 100 2696 quae
127 2601 146 2673 a
173 2599 332 2696 primarii
352 2599 537 2699 Religione
554 2599 588 2672 in
612 2621 760 2695 pravum
787 2595 935 2672 deflexet

24 2698 117 2798 quod
134 2698 251 2793 paucis
272 2696 416 2784 delibat,
441 2699 550 2772 Libro
575 2720 669 2770 nono
694 2697 779 2770 veri
809 2704 888 2786 885.

74 2797 150 2868 Has
166 2819 293 2892 magno
309 2796 477 2870 Cardinali
498 2797 617 2893 dignas
640 2796 886 2894 cogitationes,

24 2895 193 2970 diuturnae
216 2894 299 2968 uitae
322 2893 431 2989 spatio
453 2895 670 2992 negotiorum
696 2895 804 2970 moles
835 2919 901 2971 non

23 2990 209 3090 prellerat‚¹
236 3018 306 3069 non
326 2992 463 3068 ultimus
483 2992 590 3068 etiam
607 2995 748 3068 morbus
771 2995 809 3071 ot
824 3021 901 3095 pror

24 3093 147 3171 mortis
164 3091 293 3170 afflatus
311 3089 467 3185 exculltt.
517 3091 599 3170 Nec
624 3089 784 3192 profeilb
809 3097 882 3173 neu
