2144 3502
234 136 474 224 risen
528 151 946 236 rprrrrrrns.v

971 159 1026 223 165

112 292 308 368 Scintillatque
322 289 439 365 procul,
459 300 584 348 ramenta
608 285 746 345 metallica
765 284 900 345 mordens
977 282 982 301 ⁵

112 372 184 450 Qua
203 371 273 444 lapis
299 365 429 432 excussit:
450 382 504 423 nec
524 381 582 422 non
601 363 628 422 dt
647 362 716 438 saepe
735 360 914 436 liquentum,
1033 424 1036 429 ,

113 445 285 523 Sulphurasr
305 454 431 520 pugnent
443 443 562 501 salibus:
584 438 678 498 fremit
697 439 751 515 ipsa
765 436 889 496 tumultu

56 531 103 586 4¹5
113 523 262 590 Protinus,
282 534 366 594 atque
381 535 480 592 rogum
499 516 602 576 mediis
619 517 748 575 accendit
767 516 794 572 in
812 512 912 585 undis,

112 600 152 658 Et
166 597 289 672 spumam
304 599 448 671 ingentem
459 595 564 670 duplici
580 596 616 651 de
631 609 753 668 corpore
772 589 886 651 format.

111 675 160 734 Sic
173 674 255 731 etiam
269 684 347 733 terrae
366 672 478 731 latebris
493 670 632 747 reperitur
647 671 674 728 in
690 671 770 740 altis,
831 680 833 685 ·

111 751 165 807 AEs
180 767 333 825 aurumque
349 765 493 824 coquens,
515 745 716 820 intestinasque
731 759 865 817 cavernas

112 824 191 884 AEstu
205 840 345 900 perpetuo
364 825 527 900 complens,
547 837 607 897 quo
627 820 759 880 conditus
781 825 830 880 aer

60 901 229 961 4⁹0Rarefit.
248 900 356 960 Verirm
372 901 448 958 hunc
467 891 721 959 fiforte‘cadentia
739 899 845 956 montis

112 977 256 1052 Fragmina
270 975 442 1054 prepediant
455 978 523 1053 quin
544 974 691 1034 exhaletur
707 973 736 1031 in
752 990 849 1042 auras,

111 1053 264 1113 Terrarum
277 1052 344 1111 hinc
361 1049 466 1111 subitus
481 1066 587 1111 tremor
606 1048 813 1121 horribilesque
827 1050 923 1112 ruina.

110 1128 194 1188 Haud
212 1131 293 1187 aliter
307 1124 372 1184 eceli
385 1120 530 1197 'quondam
549 1127 579 1183 in
593 1142 624 1183 re
645 1126 711 1183 ione
724 1122 752 1181 lu
775 1129 851 1182 remi

109 1201 153 1261 Fit
168 1205 290 1261 tonitru:
311 1198 428 1271 dispersa
441 1202 526 1261 latent
541 1218 603 1260 nam
624 1143 725 1259 {mina
745 1141 862 1259 damme

57 1278 234 1336 osrtmbos
254 1279 328 1334 inter
346 1276 417 1348 aqui
431 1279 577 1351 multoque
595 1278 734 1358 bitumine
757 1274 858 1333 ioetoa:

111 1353 181 1428 Qua:
199 1350 277 1408 srmul
297 1368 329 1408 ac
351 1350 442 1409 media
455 1354 558 1428 glacies
572 1356 599 1413 ln
616 1355 692 1412 nube
705 1355 820 1428 coegit,

108 1427 186 1484 Atre
200 1424 314 1485 densato
329 1425 459 1502 penitus,
478 1431 618 1506 vertigine
631 1431 730 1506 magnit

110 1501 287 1570 Volvuntur;
305 1503 420 1563 fervens
432 1505 593 1565 accenditur
615 1509 680 1582 igne
699 1506 843 1573 bitumen:

110 1577 186 1637 Adra
210 1577 326 1642 dilatant
342 1583 437 1656 ignest
457 1583 505 1641 hic
525 1581 626 1658 frigida
641 1583 755 1642 claustra

59 1653 270 1732 roorerrurnpn
286 1656 401 1732 strepitu
421 1658 583 1724 horrendo:
604 1659 682 1728 simul
696 1661 807 1718 intonat
822 1660 910 1722 ether

112 1731 284 1793 Concullus:
305 1735 360 1810 quai
383 1733 452 1790 satia
466 1737 512 1791 via
528 1733 583 1804 est,
605 1732 712 1792 finuosa
728 1735 825 1811 sagitta

109 1806 259 1878 Pervolat,
279 1809 306 1866 dr
324 1809 458 1866 minimos
473 1819 601 1878 penetrat
613 1808 719 1866 subtilis
733 1810 837 1871 hiatus.

107 1883 213 1941 Bellica
227 1899 286 1940 non
306 1883 387 1940 aliter
399 1881 556 1939 Vulcanum
572 1882 704 1941 industria
717 1885 807 1942 Marti

108 1958 205 2032 Jumrit
217 1955 298 2013 mille·
308 1955 415 2020 modis:
436 1954 462 2013 u
483 1971 559 2014 nunc
574 1957 710 2016 imitabile
729 1960 855 2035 fulmen,

56 2037 101 2083 ses
110 2033 296 2103 AEtnaeosque
310 2029 362 2088 soli
376 2029 509 2092 subsultus
524 2045 608 2108 atque
627 2035 720 2093 ruinas

108 2107 252 2173 Molitu13
272 2105 329 2165 iire
348 2121 508 2186 oppugnat,
528 2107 576 2170 seu
592 2110 715 2188 protegit
735 2111 830 2169 urbes.

144 2261 224 2322 Νη
242 2259 342 2320 mirum
358 2261 497 2338 elligitur
516 2263 593 2339 qubd
609 2260 716 2322 alendis
732 2263 842 2339 ignibus
857 2263 908 2326 aer

108 2336 260 2407 Conferat,
285 2341 495 2414 augendisque:
516 2351 548 2397 ut
562 2339 581 2397 fi
596 2339 642 2399 vel
659 2338 800 2401 flammula
816 2343 916 2404 srecatn

108 2415 261 2478 Materiem
277 2415 382 2492 tetigit,
407 2413 466 2474 cith
485 2416 621 2477 maximus
634 2417 730 2477 ardeat
749 2419 836 2495 ignir;

57 2493 253 2566 Mediaque
275 2492 463 2567 conflagrent,
485 2490 660 2568 perdantque
680 2493 810 2555 incendia
822 2495 923 2570 sylvas.

106 2569 296 2641 igniculorum
313 2571 417 2629 etenim
431 2584 493 2644 quse
507 2569 589 2646 copia
611 2585 710 2643 magna
730 2570 837 2632 latebat

106 2643 189 2704 Aeris
203 2647 231 2704 in
244 2648 354 2722 gremio
374 2645 499 2717 stagnans
514 2644 541 2703 dt
555 2646 641 2722 sparsa
654 2661 705 2719 per
726 2661 826 2721 auras,

108 2717 144 2805 Se
157 2721 276 2791 primlrm
293 2719 437 2782 emotis&
451 2721 508 2793 jam
526 2721 706 2799 flagrantibus
724 2720 819 2780 addit:

107 2790 201 2850 Vicini
220 2798 412 2870 agglomerant
427 2799 454 2856 se
471 2798 514 2869 se,
535 2799 700 2874 tractimque
715 2799 888 2872 sequuntur,

56 2865 197 2945 515Qudm
214 2868 282 2955 levis
297 2875 360 2934 esca
373 2874 421 2933 diu
436 2874 572 2950 superest:
594 2888 622 2935 at
636 2875 766 2948 sulphura
785 2874 898 2938 tundent

106 2941 238 3016 Depalh,
260 2942 370 3020 fugiunt
387 2951 505 3022 oculos,
526 2950 675 3026 &fulgere
691 2949 804 3010 cessant.
851 2985 853 2992 ·
875 3015 877 3020 .

105 3019 258 3094 Propterel
271 3023 398 3081 crescunt
411 3036 563 3086 ventorum
576 3028 689 3086 flatibus
710 3025 807 3100 ignes:

102 3094 142 3160 Et
156 3093 308 3177 Cyclopeis
324 3096 408 3162 folles
422 3100 594 3166 adhibentur
608 3103 639 3165 iu
659 3103 765 3168 antris:

690 3177 769 3250 Μ

976 3172 1043 3231 Re
