2144 3502
98 130 154 186 .6o
287 116 855 185 Attii-Luctt-Ertus.

71 308 78 321 ,
113 254 210 327 Atque
222 251 294 313 aiios
308 253 369 310 ussit
388 258 483 306 teritos
502 248 643 315 subtsiiirs3
662 247 689 309 dt
708 252 758 323 qut

114 332 172 388 l’rae
186 329 290 389 cunetis
307 321 394 396 longe
414 323 587 382 tenuiffimus
602 326 656 383 esse
671 326 806 399 videtur,
974 370 981 403 ·.

64 407 194 467 ⁸¹⁰Poise
212 409 313 463 iterum
335 398 455 457 minimo
474 397 559 457 causae
573 397 748 462 advenientis
762 407 797 463 ab
817 401 871 469 istu

111 478 273 544 Comminui
288 475 376 548 magis
390 486 475 554 atque
492 477 598 550 magis,
615 476 779 554 semperque
792 478 908 538 resolui.

92 612 96 619 ’
149 634 317 691 Pinetum
337 626 421 702 igitur
440 638 534 688 motus
550 626 663 703 rapidos
683 627 837 702 aliquando
856 630 978 705 morati,

110 709 149 767 Et
164 703 272 759 variare
292 702 402 776 potest,
424 702 451 762 dt
472 704 644 777 detorquere
660 702 811 771 retractos,

109 775 266 845 Diuidere,
286 780 372 854 inque
392 781 474 838 iiiam
494 797 530 839 ex
543 778 595 837 aiii
610 777 804 838 transfundere
822 792 947 852 partem,

61 858 179 915 ursiton
197 857 309 930 penitus
323 855 492 929 prohibere:
513 855 570 913 imo
588 873 637 931 per
657 870 781 927 corpora
799 853 908 929 servat,

108 934 147 992 Et
164 931 251 1005 regit,
273 947 303 991 ut
317 932 394 990 socio
407 931 566 991 coalescant
579 933 697 1005 piurima
715 945 805 989 nexut

107 1005 195 1102 Quod
216 1023 291 1081 puro
310 1009 338 1066 in
359 1009 458 1066 Vacuo
472 1023 614 1081 nunquam
631 1006 739 1081 sperate
755 1004 863 1061 iiceret.

108 1084 269 1156 Lotpotum
283 1085 358 1142 enim
373 1095 468 1157 partes
486 1083 608 1142 medium
629 1085 782 1156 perinane
797 1079 892 1138 soture
955 1138 959 1143 ,

106 1156 256 1219 Nesciteut
275 1161 384 1218 seruate
400 1156 500 1228 sideru,
518 1162 633 1235 jamque
653 1157 762 1232 agmine
783 1167 869 1231 rupto

58 1232 301 1295 anniversarie
320 1232 383 1293 iilic
395 1232 520 1308 fugient,
540 1233 567 1291 dt
588 1238 614 1292 in
634 1236 714 1295 ordia
733 1234 823 1308 prima

107 1312 294 1382 Dilabentur,
314 1309 356 1369 uti
375 1309 468 1386 pulvis
483 1309 621 1383 projesius
641 1312 668 1370 in
683 1329 772 1369 auras.

108 1390 185 1446 Nam
206 1389 257 1447 nisi
269 1389 438 1461 corporibus
457 1383 592 1459 stipentur
610 1403 748 1462 corpora,
768 1400 870 1443 eorum

107 1465 237 1523 Partibus
256 1462 344 1521 haud.
355 1472 472 1521 teneant
484 1478 571 1520 nexas
586 1461 634 1519 sua
654 1460 767 1522 viucuia
779 1472 892 1533 putres,
961 1522 964 1527 ,

108 1538 224 1611 Singula
238 1538 299 1596 saxa
314 1536 410 1597 fluant.
431 1536 520 1616 Quod
537 1535 590 1594 sint
608 1537 692 1610 piena
711 1539 823 1603 omnia,
844 1536 930 1593 rebus
952 1606 958 1619 Ι

60 1613 186 1674 asisino
206 1612 252 1670 sua
274 1611 404 1671 durities:
425 1613 493 1672 duri
514 1629 575 1685 quae
595 1612 673 1670 mole
691 1612 853 1679 coherent,

108 1687 260 1761 Undique,
280 1704 332 1745 ceu
352 1687 440 1762 pleno
454 1689 556 1745 Mundi
573 1702 697 1756 cratere,
719 1698 895 1759 premuntur.

106 1763 175 1821 Hoc
188 1760 261 1821 admi
272 1764 356 1821 certis
368 1777 510 1853 promtum
526 1762 566 1821 eii
580 1761 757 1838 deprendere
778 1761 869 1835 iguis.
910 1818 918 1830 ,
957 1826 972 1843 ¹,

105 1836 249 1897 Dimidios
263 1839 380 1914 pulchre
395 1838 479 1895 levati
494 1839 640 1897 marmoris
661 1839 745 1895 orbes

41 1930 45 1937 '
63 1956 85 1991 Ι.
107 1914 139 1977 si
153 1913 227 1990 lapsu
243 1913 391 1991 oppositos
411 1932 447 1971 ne
461 1913 557 1972 furtim
573 1912 797 1983 interfluat-adr,

60 1986 186 2063 mosiptd
205 1991 277 2049 inter
296 1989 497 2063 semicrustas,
516 1991 571 2062 jum
591 1990 668 2048 nulia
683 1989 774 2049 virum
789 1988 831 2047 vit
947 2044 950 2049 .

108 2066 245 2137 Diuersou
264 2066 371 2142 poterit
386 2065 497 2139 juntios
517 2063 653 2123 diveiiere
669 2065 747 2125 nisu:

106 2142 174 2217 Hos
192 2144 298 2204 etenim
312 2140 404 2219 pressu
416 2138 512 2200 valido
534 2138 647 2199 densata
662 2152 778 2200 coercet

20 2255 22 2267 ι
106 2218 372 2288 Materies‚.sirmis
395 2234 431 2275 ue
453 2228 532 2274 tenet
547 2216 694 2292 complexa
706 2214 823 2275 catenis.

106 2293 184 2351 Hinc
202 2310 320 2368 quoque
332 2292 360 2351 di
394 2292 441 2351 ciii
456 2290 618 2353 discinditur
631 2295 705 2352 undo
720 2301 833 2357 natatu,

61 2367 206 2438 msitque
219 2367 392 2439 oblusirutes
408 2368 456 2429 virt
476 2369 506 2426 vi
517 2368 647 2444 propulso
658 2367 779 2443 lacertos

108 2441 244 2500 Certatim
258 2442 400 2515 reprimit,
415 2446 573 2525 pestusque
585 2443 633 2501 fati
654 2457 682 2505 at
698 2440 844 2509 anhelum,

104 2519 159 2587 Et,
179 2515 254 2593 quast
267 2514 410 2577 discidium
426 2532 570 2588 metuens,
590 2462 762 2580 findentibus
777 2514 876 2579 obstat.

106 2592 265 2653 Vimineam
285 2593 390 2668 puriter
409 2594 519 2671 uirgam
534 2594 553 2653 si
571 2593 647 2655 sorte
661 2596 805 2667 coruscus,

106 2671 186 2729 lisam
204 2668 343 2727 incurvari
364 2668 453 2739 modo
474 2671 630 2745 lentarique
648 2672 784 2744 videbis,

63 2748 183 2818 ⁸40Tum
198 2743 314 2804 strident
332 2760 405 2802 aure
417 2759 532 2816 tenues,
551 2759 612 2805 tum
624 2746 714 2806 sibisnt
729 2750 794 2813 ain
817 2818 820 2823 .

110 2820 197 2878 Unde
213 2821 346 2898 repulsuri
364 2819 453 2895 pierio
468 2823 558 2895 liquet
571 2823 637 2880 aete
650 2824 694 2882 vir
714 2840 767 2882 am.

109 2894 159 2953 ste
174 2896 272 2967 etiam,
295 2896 404 2979 tonitru
421 2898 511 2955 nubes
523 2900 669 2971 quatiente
688 2839 825 2974 sffagosau
970 2941 973 2947 -

108 2969 254 3030 Ptaevertit
265 2970 360 3049 fulgur
377 2968 537 3045 strepitum
557 2974 623 3047 quia
637 2974 768 3048 pervolat
784 2974 857 3055 iguis
962 3012 965 3017 ·

109 3042 219 3119 Ocior,
239 3048 321 3109 atriu
332 3044 382 3108 sed
395 3046 498 3111 uostris
512 3050 624 3129 auribus
641 3045 722 3109 uude
