2144 3502
63 166 159 223 :92
292 144 868 228 nunu-numurus

119 281 308 355 Noverunt,
330 292 384 336 nec
400 273 479 354 posse
497 273 578 335 aliter
597 274 746 339 consistere
759 292 870 352 corpus.

158 434 214 496 Ar
232 416 454 502 denoustratnr,
474 423 568 496 dices,
588 444 655 488 cum
670 397 776 506 sphera
787 430 891 501 jacenti
943 408 946 412 Δ

121 511 240 573 Ponitur
254 507 283 569 in
296 502 401 579 plano,
420 505 553 598 punitum
568 521 627 579 quo
640 505 765 582 jungitur
785 506 827 565 iili

58 583 184 655 “inire
206 579 391 640 individuum.
412 577 548 641 sedenim
566 580 616 655 qui
635 581 701 639 talia
715 582 884 655 monstrant,

118 659 266 731 Effingunt
278 654 373 715 animo
392 653 524 732 spheram
538 653 709 731 planumque
723 659 837 719 minutis

119 732 282 810 Epuntiis;
302 733 351 792 uni
368 749 430 807 qun
448 731 602 796 suntbene
616 742 686 791 nota
698 733 839 804 Mathesr,

117 810 196 870 Dum
210 805 289 878 spatii
309 809 448 868 rationem
467 806 617 884 deotpore
631 806 755 884 segregat
772 810 846 884 ipso;
941 827 942 831 ¹

24 914 27 927 ν
117 887 189 946 Non
204 883 339 960 phyficae,
359 901 462 960 corpus
481 901 544 961 quae
558 884 667 958 semper
686 881 822 959 conspicit
842 886 940 962 ipsum.

65 959 214 1035 σγοΕῐςὸ,
233 962 253 1020 si
273 963 405 1040 pundtum
419 957 489 1020 verit·
507 959 708 1036 perpendimus
723 958 795 1018 iilud

118 1036 288 1108 contuitus,
309 1053 404 1097 veram
419 1035 500 1096 solidi
513 1038 621 1112 parterii
636 1032 690 1095 ene
705 1033 851 1105 videmus,
954 1053 955 1056 ¹

115 1114 213 1189 Atque
234 1130 329 1190 parem
338 1112 470 1191 reliquis,
480 1129 549 1188 quas
563 1109 650 1170 scindi
664 1111 743 1186 poiie
756 1112 906 1185 probatum
920 1115 969 1181 eii.

117 1189 203 1250 Haud
223 1190 328 1251 etenim
342 1189 420 1265 plani
436 1187 536 1251 faciem
551 1188 718 1263 contingere
731 1184 821 1248 soiiun

117 1269 266 1352 Cernitur,
288 1263 328 1324 ast
343 1264 426 1324 etiam
443 1263 554 1340 sphorae
569 1262 615 1321 cui
633 1263 750 1323 firmiter
765 1262 869 1337 heret,

66 1355 109 1410 ιη
117 1345 213 1403 Partes
229 1340 328 1402 vicinis
343 1340 484 1417 contingit
504 1339 646 1413 partibus:
667 1340 735 1417 ergo

118 1419 275 1480 Dividuurn
290 1413 348 1484 est,
367 1414 393 1474 ἃ
408 1413 551 1490 particulis
571 1413 588 1476 ὲ
602 1416 728 1491 pluribus
743 1417 772 1474 in
793 1412 820 1474 se

119 1490 294 1558 conflatum
313 1491 442 1566 quumvis
456 1491 509 1549 hac
522 1488 629 1549 tantiun
645 1504 725 1565 parte
745 1490 837 1550 videri

116 1567 203 1631 Pnffit
218 1581 441 1644 nonnunquam,
461 1568 515 1642 qud
526 1565 612 1642 plano
626 1567 791 1644 contiguum
806 1567 846 1632 fit.

158 1717 354 1780 Dnvrnurs
373 1719 495 1778 Atomos
508 1717 592 1797 igitur
613 1720 727 1784 fatearis
742 1732 872 1797 oportet:

68 1813 111 1859 uto
122 1794 208 1856 Unde
222 1797 296 1856 rnori
311 1794 431 1874 ponunt.
452 1797 523 1855 Nam
544 1796 595 1866 reji
612 1815 673 1872 quae
687 1796 835 1872 iuuante,

61 1947 65 1955 ‚
118 1873 265 1934 Continuo
278 1890 355 1932 more
372 1869 412 1932 est
425 1870 489 1932 edun
507 1870 578 1931 solvi
593 1874 694 1950 coepit,
717 1870 819 1933 &ilias

118 1949 259 2012 Diffluere
271 1950 299 2009 in
312 1961 405 2024 partes
419 1965 537 2022 quarum
551 1951 662 2024 agmine
680 1951 806 2008 constitit
821 1951 899 2016 oiim.

117 2027 185 2088 Nec
198 2025 291 2096 dicas,
308 2023 477 2100 pinnatum
493 2024 562 2093 sint,
584 2025 661 2098 quod
676 2022 778 2085 redere
795 2029 880 2100 poiiit
954 2096 957 2102 ¹

118 2104 191 2163 Non
209 2100 385 2171 admissurus,
405 2099 432 2158 dt
454 2103 489 2159 ab
503 2099 583 2158 omni
595 2099 713 2159 vulnere
727 2102 839 2175 prorsus

30 2197 34 2205 “
67 2192 109 2247 εις
118 2180 275 2245 Immunes,
296 2175 404 2234 nullum
420 2178 486 2249 quia
499 2174 593 2234 celant
607 2175 682 2233 intus
698 2177 791 2233 inune.
970 2242 973 2247 Ι

118 2257 308 2325 Praeterquam
323 2248 402 2324 qudd
417 2253 493 2311 eninr
509 2265 630 2308 vacuum
645 2265 705 2307 non
722 2248 777 2308 effe
793 2252 883 2311 revici

119 2328 297 2401 Corporibus
313 2325 431 2395 nuntiis,
453 2344 515 2403 qun
530 2325 639 2385 constat
656 2337 750 2384 morte
761 2324 880 2393 resolvi;

117 2402 149 2463 Si
168 2411 313 2475 nequeunt
325 2398 441 2473 Atomi,
461 2403 526 2476 quia
542 2401 650 2475 pienssae,
669 2397 841 2466 occumbere
854 2403 930 2476 leto,

118 2478 193 2536 Non
212 2473 281 2550 ergo
297 2474 347 2532 has
370 2473 416 2534 sua
431 2476 592 2553 srnrpiicitas
606 2475 622 2534 d
637 2488 730 2535 morte
745 2487 853 2550 tuetur,

69 2554 203 2616 ‘rolnsrta
218 2549 334 2612 durities
353 2550 411 2609 hoc
425 2551 534 2613 tanturn
548 2567 665 2627 munere
681 2548 785 2612 donat:

122 2629 179 2692 Sed
191 2643 286 2705 neque
300 2624 432 2691 durities;
452 2630 557 2690 etenim
571 2627 741 2687 coeuntibus
758 2625 813 2686 iliis
935 2672 940 2681 .

116 2710 199 2768 ‘Inter
215 2704 260 2774 se,
281 2718 402 2765 uacuum
421 2720 481 2781 non
496 2703 535 2763 eii
548 2707 603 2780 qui
616 2713 696 2793 parte
710 2700 871 2781 coherent,
991 2698 996 2709 '

119 2784 159 2850 Et
172 2793 266 2842 tamen
284 2778 370 2839 avelli
383 2778 430 2837 vel
443 2789 472 2838 te
485 2778 545 2853 ipio
562 2778 659 2849 indue
672 2777 793 2852 poisunt.

121 2859 167 2920 Sic
182 2855 354 2918 immortales
368 2854 468 2914 Atumi
481 2869 540 2913 non
554 2854 608 2913 effe
623 2855 788 2932 probantur.

70 2936 159 2994 ⁶95Et
178 2935 245 3010 quia
262 2929 399 3008 quidquid
413 2928 499 2988 habet
513 2927 598 2990 finem
616 2932 792 3008 moriturque
805 2939 951 3022 peritque,

121 3011 190 3070 Hoc
201 3009 258 3068 fine
273 3007 414 3085 principio
429 3021 489 3065 non
504 3003 561 3079 est,
581 3018 610 3068 nt
625 3006 712 3084 coepit
726 3009 809 3079 oriri;
864 3008 867 3013 '

121 3086 253 3164 internas
272 3085 394 3153 nonos
409 3081 494 3161 igitur
508 3098 569 3149 non
584 3083 640 3150 effe
652 3096 808 3152 memento

927 3169 996 3238 Onu
