2144 3502
116 152 155 210 94
278 127 856 221 inor-Lucterius.

116 263 258 324 Infinitum
273 262 344 339 ergo
357 261 413 333 est,
432 280 492 323 non
507 262 587 340 quod
601 264 657 323 siue
669 264 725 326 fine
739 264 858 324 secando

61 344 159 400 ⁷³5Fit
175 344 282 408 minus,
304 355 332 398 at
345 338 416 399 nulli
431 339 510 416 quod
525 341 594 398 fines
612 340 738 418 undique
752 342 892 400 claudunt.

112 419 258 477 Infinitum
278 418 401 486 etenim,
423 431 509 492 atque
521 415 686 475 immensum
701 421 819 477 nomine
833 416 954 482 disiuntz
1002 474 1012 487 ,

113 494 160 552 Re
174 493 236 551 sunt
252 508 337 550 unum
352 492 484 564 itidem,
497 506 525 550 at
547 509 583 550 ue
598 490 696 551 eadem
707 491 742 552 de
750 508 871 571 utroque
879 492 1022 553 seruntur:

115 568 254 629 Materies
268 586 371 642 porro,
392 568 505 644 qualem
526 510 726 637 ascribimus,
748 573 797 630 etsi

115 643 261 702 Decrescit
275 643 401 718 semper,
420 664 481 706 non
496 646 536 705 eii
550 643 692 705 immensu.
712 646 788 723 Quid
804 646 872 723 ergo
886 643 948 703 est?

62 719 276 794 ⁷⁴⁹Congeries
290 737 400 789 rerunt,
421 740 483 798 que
498 721 610 798 poffunt
626 718 717 795 usque
731 720 823 780 secari.
842 741 847 747 ·

116 800 175 858 Res
190 795 243 875 iile
260 793 400 867 seorsum,
420 818 454 858 ac
473 799 590 875 proprio
605 796 653 856 sub
670 797 758 853 limite
772 800 909 872 perstant:

115 869 206 945 Atqui
220 887 255 929 ex
271 870 356 930 finitis
375 876 548 935 cocuntibus
567 872 754 932 &cumulatis

114 948 257 1025 Summam
274 947 412 1032 infinitam
430 950 547 1011 conflari
566 947 641 1009 haud
654 947 732 1022 posse
753 947 902 1023 probatum
918 949 967 1013 est.

153 1101 299 1163 Vtrum·
308 1101 502 1183 quodcunque
514 1101 570 1171 est,
584 1098 699 1177 simplex
713 1101 746 1161 fit
760 1098 1017 1173 oportet&unum‚

61 1192 103 1240 745
113 1176 236 1251 Objicis;
256 1195 286 1240 at
303 1178 418 1254 simplex
434 1180 580 1252 'nunquam
597 1176 706 1237 dicetur
721 1175 748 1237 ἃ
762 1191 871 1240 unum,

113 1256 260 1334 Quidquid
283 1256 433 1316 diuiditur:
455 1254 517 1313 sunt
535 1254 605 1329 ergo
619 1254 739 1329 c'orpora
763 1250 889 1327 quodam

114 1334 184 1410 Quae
204 1332 315 1405 prorsus
330 1349 389 1391 non
412 1329 467 1388 ulla
480 1332 629 1407 queuntin
650 1330 733 1389 frusta
752 1329 847 1388 secari.

112 1408 198 1488 Quod
220 1408 311 1469 srnon
326 1409 410 1479 esset,
426 1406 482 1479 jani
502 1404 578 1467 certe
598 1407 674 1466 nulia
693 1404 825 1464 d'arentur

110 1485 268 1558 Principia,
289 1486 316 1543 ἂ
331 1502 434 1559 corpus
448 1482 556 1542 nulium
570 1480 648 1557 q'tiod
660 1482 785 1559 partibus
799 1480 868 1539 esset
955 1480 960 1491 '

58 1571 106 1616 πο
114 1561 295 1633 Compasium
315 1561 404 1626 veris;
430 1561 458 1617 in
478 1561 519 1618 eis
538 1562 603 1635 quia
618 1560 657 1617 nii
674 1558 749 1617 soret
763 1574 865 1616 unum:

113 1622 200 1707 Atqui
215 1634 270 1694 hoc
281 1634 297 1695 ἑ
310 1638 376 1695 ueri
393 1638 501 1711 procul'
514 1634 553 1693 est
566 1636 678 1695 ratione
693 1633 841 1707 repulsum.

110 1711 243 1789 Namque
259 1725 290 1772 ut
299 1710 471 1789 principium
484 1712 620 1781 Numeri,
635 1712 794 1786 quicunque
804 1707 850 1780 srt‚
866 1705 1015 1785 unumesiq

110 1787 207 1861 Atque
227 1788 318 1865 omniq
338 1786 445 1846 constat
457 1804 590 1848 numerus
608 1787 799 1863 compluribus
812 1786 894 1854 unis3
952 1824 955 1829 -

111 1863 158 1922 Sic
171 1861 379 1939 &principium
393 1866 529 1938 compatti
543 1864 672 1937 corporis
687 1881 773 1921 unum
791 1860 846 1932 est,

59 1946 102 1992 755
113 1943 208 2015 Atque
223 1940 297 2000 adeo
311 1938 414 2013 corpus
430 1941 523 2002 multis
538 1939 729 2015 compingitur
748 1941 819 1998 unis.

111 2015 197 2152 &uod
216 2010 235 2074 fi
250 2018 302 2091 pei
319 2015 346 2074 se
362 2013 452 2073 forsan
467 2018 567 2091 nequit
581 2032 635 2074 una
653 2017 750 2075 vocari

151 2094 266 2158 nteries,
286 2103 314 2148 at
334 2088 424 2149 saltem
441 2095 502 2151 unis
516 2091 657 2150 confletur
674 2101 803 2164 oportet:

112 2169 191 2244 Ergo
211 2165 367 2247 individui}
378 2163 455 2226 illam
471 2167 598 2227 constare
614 2165 769 2226 fatendum.

148 2319 224 2374 Νη
244 2317 358 2384 melius,
381 2317 496 2395 Quinti,
516 2318 555 2376 nii
570 2316 626 2392 ipse
640 2316 793 2390 Epicurus,
814 2313 841 2374 ἃ
860 2314 909 2376 ilie
950 2358 955 2379 .

59 2406 106 2458 πο
114 2392 171 2469 Qui
193 2393 274 2449 Latio
293 2403 387 2466 captas
399 2392 498 2452 delusit
515 2394 638 2452 carmine
651 2403 760 2450 mentes

113 2468 235 2526 Dixerit.
249 2464 305 2525 'iila
320 2478 413 2527 tamen
428 2470 497 2529 miri
510 2470 573 2545 qu'e
585 2468 718 2541 congeris
736 2476 813 2538 arte,

28 2547 33 2555 '
112 2544 253 2615 Disjicere
265 2539 342 2623 itqud
355 2546 487 2625 magnum
503 2544 558 2608 est,
580 2544 716 2619 tenuique
734 2557 864 2602 everrere
885 2546 961 2619 flatu.
1003 2552 1007 2561 '

114 2619 324 2698 Quodcumque
340 2618 394 2687 eit,
417 2637 503 2680 unum
525 2616 590 2689 esi,·
602 2619 712 2677 fateor:
731 2616 780 2677 sed
793 2618 895 2680 dicitur
912 2640 998 2688 unum

111 2698 195 2757 Hnud
211 2694 401 2768 rationepari.
423 2694 511 2773 Quod
523 2694 637 2772 srmpiex
651 2696 725 2753 intus
744 2694 770 2755 tit
792 2698 870 2754 omni

59 2782 101 2834 7⁶5
113 2774 193 2833 Parte
208 2786 298 2841 caret,
320 2767 388 2827 uere
407 2774 463 2830 iroc
477 2788 562 2829 unum
579 2770 626 2831 est.
650 2771 727 2830 Ante
740 2776 835 2831 omnia
851 2775 980 2852 Numen,

113 2849 199 2927 Quod
211 2847 302 2909 'modo
319 2861 366 2909 tu,
387 2845 454 2903 iicet
469 2848 572 2905 inuitus
588 2846 743 2919 frustraque
758 2850 892 2910 reluctans

113 2926 273 3001 Agnosces,
295 2939 382 2983 unum
397 2922 446 2980 est.
466 2922 559 2982 Etiam
575 2940 654 2982 mens
669 2923 779 2996 nostra,
799 2927 921 3004 supremi

108 3002 244 3065 Numinis
259 3000 384 3076 effigies,
406 3015 460 3058 una
480 2996 520 3057 est
535 3017 566 3058 ac
585 2998 675 3058 nescia
699 3001 794 3063 scindi.

110 3080 150 3143 At
167 3094 229 3157 que
248 3074 442 3173 solim-notura
462 3072 501 3138 est
512 3079 627 3159 propria
644 3076 771 3169 Mentis,
