2144 3502
220 107 442 175 traua
504 103 858 187 quantoe
940 116 1002 193 rm

87 242 216 306 Profiliet
232 243 344 317 superas
360 237 444 296 celeri
460 236 564 311 impete
581 235 663 296 suber
682 231 717 294 ad
731 233 830 295 undas.
939 230 945 245 “

88 322 179 380 Causa
194 322 238 378 rei
252 330 381 389 quonam
394 311 456 372 est?
474 313 617 372 Nimirum
633 313 728 385 liquor
740 316 826 384 aquai

87 397 189 456 Fertur
204 398 232 454 in
248 393 305 451 ima
314 390 415 464 magis,
435 387 517 466 qudm
537 388 644 462 lignum
659 406 706 450 aur
726 387 807 447 futile
825 387 924 451 suberi

87 471 246 530 Libramen
259 467 338 526 simul
353 482 437 525 omne
452 468 541 539 perit;
561 463 732 541 depulsaque
749 463 888 540 quantlun

39 550 80 599 ⁸³5
90 547 178 606 Unda
201 546 245 602 sul
260 543 365 619 superat
383 543 521 617 gravitate
536 541 596 599 hac
610 558 744 614 corpora,
766 540 875 598 tantiam

87 617 409 694 Debilitantliquidanr,
431 618 478 676 cui
495 617 556 674 sunt
569 617 730 686 commissa,
749 616 926 684 colurnnamu

86 701 169 771 Ergo
183 696 278 755 viciuae
293 697 426 765 vincunt,
449 691 476 749 &
491 689 592 748 cedere
602 692 700 762 juffarn

84 771 252 831 Protollunt
270 772 414 836 certatim,
435 766 506 826 &in
521 767 607 824 altum
627 769 765 841 assurgere
779 785 897 846 cogunt,

89 847 144 906 Illa
159 848 227 924 fugit
241 846 358 913 sursum,
381 841 545 921 propellens
562 840 682 914 friuola,
702 845 794 906 donec

37 923 214 1001 uonespuat
228 927 258 985 in
274 924 393 991 coelutn,
414 917 556 981 &reddat
568 920 707 980 natalibus
725 924 810 980 auris.

127 1078 232 1139 Hauc
245 1087 431 1152 quecumque
447 1071 537 1132 latent
552 1072 673 1149 lymphis
688 1071 877 1149 circumdata,
890 1085 1001 1148 mnam

88 1153 229 1214 Ponderis
248 1152 393 1214 amittunt,
412 1160 519 1220 quanto
534 1147 560 1207 se
573 1148 701 1224 pondere
716 1150 800 1209 librat

89 1231 145 1288 Par
157 1227 239 1285 fluidi
254 1223 360 1283 moles:
381 1227 530 1283 tanrlnam
550 1237 629 1301 parte
652 1226 788 1285 levantur.

88 1303 123 1363 ld
142 1303 246 1360 sentire
266 1296 372 1369 solent,
391 1298 495 1373 pelago
510 1305 560 1373 qui
579 1301 650 1376 sape
663 1300 811 1374 profundo

38 1379 214 1443 usnunrbus
228 1373 361 1436 canadas
381 1390 488 1434 merces
508 1377 543 1435 ad
558 1377 662 1436 summa
674 1374 800 1438 tulerunt

88 1454 245 1529 AEquoris‚
263 1448 290 1510 ἃ
308 1449 408 1521 validi,
429 1448 494 1511 cina
510 1450 626 1512 solvitur
642 1453 782 1527 anchora,
803 1465 904 1521 naute.

88 1533 166 1590 Nam
180 1529 270 1588 facilia
284 1527 405 1603 primum
425 1527 565 1596 ascensum
583 1532 665 1602 juvat
679 1529 753 1591 unda
773 1533 923 1599 laborem:

90 1607 164 1666 Clnu
181 1605 252 1666 vero
266 1606 354 1666 adrias
372 1621 459 1680 grave
478 1621 550 1663 onus
564 1607 693 1680 pervenit
706 1606 742 1664 ad
755 1627 852 1684 auras,

91 1685 168 1742 Turn
188 1684 267 1743 labor
282 1681 453 1758 ingeminat,
474 1679 750 1756 contorquendoque
763 1686 876 1750 rudenti

37 1759 196 1822 ¹mosollam
216 1759 297 1818 turba
317 1755 410 1815 virllrn
427 1753 574 1826 duplicatis
593 1755 699 1816 viribus
714 1759 803 1827 instat.
877 1782 879 1789 ¹

125 1915 236 1972 Nunc
256 1908 285 1963 in
300 1904 378 1979 aquis
393 1899 455 1960 fieri
469 1917 530 1979 quo
543 1901 680 1979 dixirnuS,
702 1909 814 1982 omnia,
834 1911 950 1990 Quinti,

86 1984 216 2048 AEtheris
230 1983 260 2038 in
273 1977 375 2054 pelago
386 1977 496 2039 ratione
509 1993 643 2054 geruntur
657 1983 763 2045 eadem.

89 2061 151 2120 ch
163 2057 272 2115 tanturn
284 2053 352 2113 sines
365 2071 459 2114 rerum
478 2059 658 2118 convertito:
677 2071 765 2119 metas

87 2134 214 2195 Vorticis
230 2131 337 2191 etherii
354 2130 493 2205 supremas
509 2131 611 2194 fundus
626 2133 749 2202 habetor

37 2215 79 2262 ⁵⁵5
88 2211 157 2274 Esto
174 2209 298 2287 Pyramia
311 2206 375 2278 hle,
395 2207 453 2267 illic
467 2227 641 2287 quecunque
654 2212 787 2275 columna
801 2215 852 2279 est.

89 2290 132 2348 Ut
146 2288 258 2363 surgunt
273 2302 324 2362 per
338 2300 442 2358 aquas,
462 2285 498 2345 fic
509 2285 580 2362 lapsa
593 2305 642 2363 per
661 2288 764 2351 ethera
781 2310 881 2360 cernes

89 2367 219 2439 Corpora
235 2359 364 2433 detrudi,
382 2357 415 2426 ἃ,
425 2360 505 2422 fimili
519 2363 675 2439 propellier
691 2367 757 2427 aesln

87 2441 150 2500 lllic
163 2436 277 2499 versum
302 2452 397 2508 auras,
417 2436 467 2497 hle
479 2437 592 2501 versiam
607 2443 718 2504 concita
732 2457 831 2506 terras.

123 2590 206 2652 Hoc
224 2605 312 2650 unum
326 2588 473 2653 discrimen
490 2594 559 2662 erit,
579 2591 657 2668 qudd
678 2612 800 2671 corpora
817 2599 945 2673 quedam

37 2669 145 2726 aalma
158 2677 258 2744 petunt
284 2665 400 2744 liquidi,
421 2667 449 2727 dt
474 2669 563 2729 fundo
576 2670 707 2744 graviora
720 2671 851 2732 residunt.

86 2743 127 2803 At
140 2760 202 2816 quae
225 2748 334 2803 terreni
352 2742 409 2804 late
422 2743 530 2805 ditione
544 2758 690 2819 tenentur,

85 2818 191 2875 Omnia
209 2819 329 2878 centrisu
349 2820 373 2879 is
386 2821 450 2882 cum
468 2823 563 2882 vincat
579 2823 685 2882 viribus
698 2825 800 2894 ather,

83 2893 172 2953 Nulla
186 2908 296 2970 queunt
309 2837 369 2956 ufio
387 2916 489 2974 capere
500 2899 599 2959 ultiura
614 2900 732 2958 vorticis
750 2903 826 2963 ausu.

83 2971 202 3030 Terram
216 2971 314 3032 cuncta
329 2972 401 3035 suam
416 2987 563 3051 repetunt3
581 2972 609 3033 dc
626 2973 723 3034 adana
736 2975 865 3046 deorsum

37 3048 150 3130 urQuo
164 3064 247 3130 mage
262 3047 450 3128 descendunt,
469 3053 533 3115 casu
548 3049 652 3116 citiore
662 3052 807 3121 seruntur.
969 3123 1033 3179 w
