<?xml version="1.0" encoding="UTF-8"?>
<!DOCTYPE html PUBLIC "-//W3C//DTD XHTML 1.0 Transitional//EN"
    "http://www.w3.org/TR/xhtml1/DTD/xhtml1-transitional.dtd">
<html xmlns="http://www.w3.org/1999/xhtml" xml:lang="en" lang="en">
 <head>
  <title>
</title>
<meta http-equiv="Content-Type" content="text/html;charset=utf-8" />
  <meta name='ocr-system' content='tesseract 3.04.00' />
  <meta name='ocr-capabilities' content='ocr_page ocr_carea ocr_par ocr_line ocrx_word'/>
</head>
<body>
  <div class='ocr_page' id='page_1' title='image "./antilucretiussi00poligoog_0301.png"; bbox 0 0 2144 3502; ppageno 0'>
   <div class='ocr_carea' id='block_1_1' title="bbox 252 162 1052 250">
    <p class='ocr_par' dir='ltr' id='par_1_1' title="bbox 252 162 1052 250">
     <span class='ocr_line' id='line_1_1' title="bbox 252 162 1052 250; baseline -0.023 -1"><span class='ocrx_word' id='word_1_1' title='bbox 252 177 473 250; x_wconf 86' lang='lat' dir='ltr'>LIBER</span> <span class='ocrx_word' id='word_1_2' title='bbox 535 162 923 237; x_wconf 79' lang='lat' dir='ltr'>SEPTIMUS.</span> <span class='ocrx_word' id='word_1_3' title='bbox 992 173 1052 243; x_wconf 70' lang='lat'>267</span> 
     </span>
    </p>
   </div>
   <div class='ocr_carea' id='block_1_2' title="bbox 71 306 1063 1374">
    <p class='ocr_par' dir='ltr' id='par_1_2' title="bbox 71 306 1063 1374">
     <span class='ocr_line' id='line_1_2' title="bbox 134 306 977 395; baseline -0.019 -15"><span class='ocrx_word' id='word_1_4' title='bbox 134 316 284 395; x_wconf 82' lang='lat' dir='ltr'>Corpore,</span> <span class='ocrx_word' id='word_1_5' title='bbox 304 311 403 373; x_wconf 84' lang='lat' dir='ltr'>verbm</span> <span class='ocrx_word' id='word_1_6' title='bbox 418 309 506 369; x_wconf 86' lang='lat' dir='ltr'>eheu!</span> <span class='ocrx_word' id='word_1_7' title='bbox 525 321 633 383; x_wconf 81' lang='lat' dir='ltr'>paucos</span> <span class='ocrx_word' id='word_1_8' title='bbox 647 306 773 368; x_wconf 90' lang='lat' dir='ltr'>mansura</span> <span class='ocrx_word' id='word_1_9' title='bbox 789 320 977 384; x_wconf 75' lang='lat' dir='ltr'>petendos..</span> 
     </span>
     <span class='ocr_line' id='line_1_3' title="bbox 135 383 793 457; baseline -0.021 -1"><span class='ocrx_word' id='word_1_10' title='bbox 135 399 201 457; x_wconf 87' lang='lat' dir='ltr'>Nec</span> <span class='ocrx_word' id='word_1_11' title='bbox 219 393 321 453; x_wconf 88' lang='lat' dir='ltr'>mirum</span> <span class='ocrx_word' id='word_1_12' title='bbox 340 385 455 447; x_wconf 78' lang='lat' dir='ltr'>certdsr</span> <span class='ocrx_word' id='word_1_13' title='bbox 498 399 537 442; x_wconf 92' lang='lat' dir='ltr'>uo</span> <span class='ocrx_word' id='word_1_14' title='bbox 559 383 686 443; x_wconf 80' lang='lat' dir='ltr'>subtilius</span> <span class='ocrx_word' id='word_1_15' title='bbox 707 402 793 445; x_wconf 90' lang='lat' dir='ltr'>omne</span> 
     </span>
     <span class='ocr_line' id='line_1_4' title="bbox 138 459 901 546; baseline -0.018 -15"><span class='ocrx_word' id='word_1_16' title='bbox 138 468 333 546; x_wconf 85' lang='lat' dir='ltr'>Compolrtum</span> <span class='ocrx_word' id='word_1_17' title='bbox 351 463 448 535; x_wconf 86' lang='lat' dir='ltr'>luerit,</span> <span class='ocrx_word' id='word_1_18' title='bbox 459 478 535 527; x_wconf 82' lang='lat' dir='ltr'>cum</span> <span class='ocrx_word' id='word_1_19' title='bbox 555 459 588 520; x_wconf 88' lang='lat' dir='ltr'>srt</span> <span class='ocrx_word' id='word_1_20' title='bbox 602 477 666 537; x_wconf 88' lang='lat' dir='ltr'>pars</span> <span class='ocrx_word' id='word_1_21' title='bbox 688 462 823 538; x_wconf 86' lang='lat' dir='ltr'>quaelibct</span> <span class='ocrx_word' id='word_1_22' title='bbox 841 460 901 532; x_wconf 82' lang='lat' dir='ltr'>ejus</span> 
     </span>
     <span class='ocr_line' id='line_1_5' title="bbox 85 538 872 615; baseline -0.02 -5"><span class='ocrx_word' id='word_1_23' title='bbox 85 564 129 612; x_wconf 72' lang='lat'>995</span> <span class='ocrx_word' id='word_1_24' title='bbox 139 549 262 608; x_wconf 88' lang='lat' dir='ltr'>Pronior</span> <span class='ocrx_word' id='word_1_25' title='bbox 280 541 439 601; x_wconf 90' lang='lat' dir='ltr'>admotum</span> <span class='ocrx_word' id='word_1_26' title='bbox 461 539 605 612; x_wconf 85' lang='lat' dir='ltr'>variisque</span> <span class='ocrx_word' id='word_1_27' title='bbox 620 539 748 599; x_wconf 82' lang='lat' dir='ltr'>obnoxia</span> <span class='ocrx_word' id='word_1_28' title='bbox 767 538 872 615; x_wconf 85' lang='lat' dir='ltr'>plagis,</span> 
     </span>
     <span class='ocr_line' id='line_1_6' title="bbox 139 613 876 697; baseline -0.009 -15"><span class='ocrx_word' id='word_1_29' title='bbox 139 626 206 684; x_wconf 91' lang='lat' dir='ltr'>Hoc</span> <span class='ocrx_word' id='word_1_30' title='bbox 224 619 307 697; x_wconf 85' lang='lat' dir='ltr'>poffit</span> <span class='ocrx_word' id='word_1_31' title='bbox 319 615 409 678; x_wconf 77' lang='lat' dir='ltr'>minus</span> <span class='ocrx_word' id='word_1_32' title='bbox 425 615 452 674; x_wconf 72' lang='grc' dir='ltr'><strong>ἃ</strong></span> <span class='ocrx_word' id='word_1_33' title='bbox 471 614 590 684; x_wconf 89' lang='lat' dir='ltr'>durare,</span> <span class='ocrx_word' id='word_1_34' title='bbox 611 613 785 691; x_wconf 83' lang='lat' dir='ltr'>&amp;respuere</span> <span class='ocrx_word' id='word_1_35' title='bbox 798 615 876 675; x_wconf 73' lang='lat' dir='ltr'>iiius.</span> 
     </span>
     <span class='ocr_line' id='line_1_7' title="bbox 71 690 821 770; baseline -0.012 -11"><span class='ocrx_word' id='word_1_36' title='bbox 71 705 72 709; x_wconf 77' lang='grc'>’</span> <span class='ocrx_word' id='word_1_37' title='bbox 137 701 234 758; x_wconf 91' lang='lat' dir='ltr'>Tanto</span> <span class='ocrx_word' id='word_1_38' title='bbox 255 695 386 757; x_wconf 84' lang='lat' dir='ltr'><strong>nobilitas</strong></span> <span class='ocrx_word' id='word_1_39' title='bbox 402 693 522 762; x_wconf 90' lang='lat' dir='ltr'>emitur,</span> <span class='ocrx_word' id='word_1_40' title='bbox 544 690 665 764; x_wconf 83' lang='lat' dir='ltr'>vitaeque</span> <span class='ocrx_word' id='word_1_41' title='bbox 687 692 821 770; x_wconf 88' lang='lat' dir='ltr'>voluptas</span> 
     </span>
     <span class='ocr_line' id='line_1_8' title="bbox 137 765 869 847; baseline -0.003 -14"><span class='ocrx_word' id='word_1_42' title='bbox 137 775 259 833; x_wconf 87' lang='lat' dir='ltr'>Labilisl</span> <span class='ocrx_word' id='word_1_43' title='bbox 281 772 391 832; x_wconf 87' lang='lat' dir='ltr'>Idcirco</span> <span class='ocrx_word' id='word_1_44' title='bbox 405 769 535 829; x_wconf 87' lang='lat' dir='ltr'>brevium</span> <span class='ocrx_word' id='word_1_45' title='bbox 556 765 637 825; x_wconf 90' lang='lat' dir='ltr'>caula</span> <span class='ocrx_word' id='word_1_46' title='bbox 651 770 759 847; x_wconf 90' lang='lat' dir='ltr'>optima</span> <span class='ocrx_word' id='word_1_47' title='bbox 773 787 869 831; x_wconf 87' lang='lat' dir='ltr'>rerum</span> 
     </span>
     <span class='ocr_line' id='line_1_9' title="bbox 139 843 802 927; baseline -0.008 -18"><span class='ocrx_word' id='word_1_48' title='bbox 139 852 288 927; x_wconf 84' lang='lat' dir='ltr'>Invigilare</span> <span class='ocrx_word' id='word_1_49' title='bbox 299 848 380 909; x_wconf 79' lang='lat' dir='ltr'>simul</span> <span class='ocrx_word' id='word_1_50' title='bbox 394 843 557 922; x_wconf 83' lang='lat' dir='ltr'>reparandis</span> <span class='ocrx_word' id='word_1_51' title='bbox 574 853 659 918; x_wconf 89' lang='lat' dir='ltr'>atque</span> <span class='ocrx_word' id='word_1_52' title='bbox 674 845 802 905; x_wconf 84' lang='lat' dir='ltr'>creandis</span> 
     </span>
     <span class='ocr_line' id='line_1_10' title="bbox 75 921 852 998; baseline 0 -15"><span class='ocrx_word' id='word_1_53' title='bbox 75 927 261 998; x_wconf 59' lang='lat' dir='ltr'>aioncourt,</span> <span class='ocrx_word' id='word_1_54' title='bbox 282 938 314 985; x_wconf 91' lang='lat' dir='ltr'>ut</span> <span class='ocrx_word' id='word_1_55' title='bbox 332 924 428 984; x_wconf 89' lang='lat' dir='ltr'>multis</span> <span class='ocrx_word' id='word_1_56' title='bbox 443 936 533 998; x_wconf 92' lang='lat' dir='ltr'>porro</span> <span class='ocrx_word' id='word_1_57' title='bbox 548 937 584 978; x_wconf 83' lang='lat' dir='ltr'>ex</span> <span class='ocrx_word' id='word_1_58' title='bbox 600 921 765 981; x_wconf 85' lang='lat' dir='ltr'>mortalibus</span> <span class='ocrx_word' id='word_1_59' title='bbox 783 922 852 983; x_wconf 86' lang='lat' dir='ltr'>effet</span> 
     </span>
     <span class='ocr_line' id='line_1_11' title="bbox 139 997 895 1079; baseline -0.003 -17"><span class='ocrx_word' id='word_1_60' title='bbox 139 1004 301 1069; x_wconf 80' lang='lat' dir='ltr'>immortale</span> <span class='ocrx_word' id='word_1_61' title='bbox 315 1017 416 1079; x_wconf 86' lang='lat' dir='ltr'>genus.</span> <span class='ocrx_word' id='word_1_62' title='bbox 437 997 546 1058; x_wconf 79' lang='lat' dir='ltr'>Verum</span> <span class='ocrx_word' id='word_1_63' title='bbox 565 1011 624 1053; x_wconf 90' lang='lat' dir='ltr'>uno</span> <span class='ocrx_word' id='word_1_64' title='bbox 639 1015 672 1055; x_wconf 86' lang='lat' dir='ltr'>ac</span> <span class='ocrx_word' id='word_1_65' title='bbox 686 998 811 1074; x_wconf 87' lang='lat' dir='ltr'>finrplice</span> <span class='ocrx_word' id='word_1_66' title='bbox 822 1011 895 1060; x_wconf 88' lang='lat' dir='ltr'>nutu</span> 
     </span>
     <span class='ocr_line' id='line_1_12' title="bbox 135 1074 1063 1154; baseline 0 -15"><span class='ocrx_word' id='word_1_67' title='bbox 135 1081 216 1144; x_wconf 86' lang='lat' dir='ltr'>Fecit</span> <span class='ocrx_word' id='word_1_68' title='bbox 231 1095 382 1154; x_wconf 85' lang='lat' dir='ltr'>utrumque</span> <span class='ocrx_word' id='word_1_69' title='bbox 397 1074 494 1133; x_wconf 75' lang='lat' dir='ltr'>Deui:</span> <span class='ocrx_word' id='word_1_70' title='bbox 515 1074 580 1132; x_wconf 87' lang='lat' dir='ltr'>cinn</span> <span class='ocrx_word' id='word_1_71' title='bbox 596 1076 693 1133; x_wconf 66' lang='lat' dir='ltr'>cuncta</span> <span class='ocrx_word' id='word_1_72' title='bbox 710 1077 738 1134; x_wconf 92' lang='lat' dir='ltr'>in</span> <span class='ocrx_word' id='word_1_73' title='bbox 750 1075 855 1134; x_wconf 86' lang='lat' dir='ltr'>semine</span> <span class='ocrx_word' id='word_1_74' title='bbox 873 1076 967 1154; x_wconf 83' lang='lat' dir='ltr'>primo</span> <span class='ocrx_word' id='word_1_75' title='bbox 1060 1082 1063 1089; x_wconf 90' lang='lat'>&#39;</span> 
     </span>
     <span class='ocr_line' id='line_1_13' title="bbox 136 1149 843 1224; baseline -0.006 -8"><span class='ocrx_word' id='word_1_76' title='bbox 136 1157 251 1220; x_wconf 82' lang='lat' dir='ltr'>Semina</span> <span class='ocrx_word' id='word_1_77' title='bbox 261 1152 417 1219; x_wconf 89' lang='lat' dir='ltr'>conclufit,</span> <span class='ocrx_word' id='word_1_78' title='bbox 438 1149 545 1223; x_wconf 81' lang='lat' dir='ltr'>gemini</span> <span class='ocrx_word' id='word_1_79' title='bbox 561 1150 729 1224; x_wconf 87' lang='lat' dir='ltr'>compendia</span> <span class='ocrx_word' id='word_1_80' title='bbox 744 1150 843 1212; x_wconf 81' lang='lat' dir='ltr'>seniis:</span> 
     </span>
     <span class='ocr_line' id='line_1_14' title="bbox 137 1225 803 1304; baseline -0.009 -13"><span class='ocrx_word' id='word_1_81' title='bbox 137 1232 337 1304; x_wconf 89' lang='lat' dir='ltr'>Custodesque</span> <span class='ocrx_word' id='word_1_82' title='bbox 351 1240 441 1284; x_wconf 84' lang='lat' dir='ltr'>mares</span> <span class='ocrx_word' id='word_1_83' title='bbox 461 1225 577 1298; x_wconf 81' lang='lat' dir='ltr'>pretiosi</span> <span class='ocrx_word' id='word_1_84' title='bbox 591 1228 714 1286; x_wconf 92' lang='lat' dir='ltr'>muneris</span> <span class='ocrx_word' id='word_1_85' title='bbox 730 1242 803 1285; x_wconf 87' lang='lat' dir='ltr'>unos</span> 
     </span>
     <span class='ocr_line' id='line_1_15' title="bbox 74 1301 781 1374; baseline -0.001 -10"><span class='ocrx_word' id='word_1_86' title='bbox 74 1306 276 1374; x_wconf 62' lang='lat' dir='ltr'>semiustum,</span> <span class='ocrx_word' id='word_1_87' title='bbox 296 1301 423 1362; x_wconf 85' lang='lat' dir='ltr'>sobolem</span> <span class='ocrx_word' id='word_1_88' title='bbox 437 1304 544 1363; x_wconf 76' lang='lat' dir='ltr'>matura</span> <span class='ocrx_word' id='word_1_89' title='bbox 561 1313 642 1361; x_wconf 81' lang='lat' dir='ltr'>aetate</span> <span class='ocrx_word' id='word_1_90' title='bbox 654 1302 781 1364; x_wconf 88' lang='lat' dir='ltr'>daturos.</span> 
     </span>
    </p>
   </div>
   <div class='ocr_carea' id='block_1_3' title="bbox 72 1455 1035 2674">
    <p class='ocr_par' dir='ltr' id='par_1_3' title="bbox 176 1455 1035 1537">
     <span class='ocr_line' id='line_1_16' title="bbox 176 1455 1035 1537; baseline 0.008 -19"><span class='ocrx_word' id='word_1_91' title='bbox 176 1456 243 1518; x_wconf 82' lang='lat' dir='ltr'>Src</span> <span class='ocrx_word' id='word_1_92' title='bbox 262 1455 412 1516; x_wconf 84' lang='lat' dir='ltr'>hommum</span> <span class='ocrx_word' id='word_1_93' title='bbox 431 1471 520 1531; x_wconf 83' lang='lat' dir='ltr'>genus</span> <span class='ocrx_word' id='word_1_94' title='bbox 536 1471 625 1516; x_wconf 86' lang='lat' dir='ltr'>omne</span> <span class='ocrx_word' id='word_1_95' title='bbox 638 1456 763 1516; x_wconf 87' lang='lat' dir='ltr'>hominis</span> <span class='ocrx_word' id='word_1_96' title='bbox 778 1457 935 1521; x_wconf 84' lang='lat' dir='ltr'>tenuillirna</span> <span class='ocrx_word' id='word_1_97' title='bbox 946 1458 1035 1537; x_wconf 82' lang='lat' dir='ltr'>primi·</span> 
     </span>
    </p>

    <p class='ocr_par' dir='ltr' id='par_1_4' title="bbox 139 1533 804 1610">
     <span class='ocr_line' id='line_1_17' title="bbox 139 1533 804 1610; baseline 0 -17"><span class='ocrx_word' id='word_1_98' title='bbox 139 1535 204 1593; x_wconf 85' lang='lat' dir='ltr'>Pars</span> <span class='ocrx_word' id='word_1_99' title='bbox 217 1533 279 1593; x_wconf 90' lang='lat' dir='ltr'>fuit.</span> <span class='ocrx_word' id='word_1_100' title='bbox 305 1535 346 1595; x_wconf 86' lang='lat' dir='ltr'>At</span> <span class='ocrx_word' id='word_1_101' title='bbox 359 1533 467 1605; x_wconf 84' lang='lat' dir='ltr'>majora</span> <span class='ocrx_word' id='word_1_102' title='bbox 482 1534 534 1593; x_wconf 93' lang='lat' dir='ltr'>tibi</span> <span class='ocrx_word' id='word_1_103' title='bbox 550 1533 685 1595; x_wconf 88' lang='lat' dir='ltr'>miracula</span> <span class='ocrx_word' id='word_1_104' title='bbox 699 1536 804 1610; x_wconf 89' lang='lat' dir='ltr'>pando.</span> 
     </span>
    </p>

    <p class='ocr_par' dir='ltr' id='par_1_5' title="bbox 138 1609 850 1674">
     <span class='ocr_line' id='line_1_18' title="bbox 138 1609 850 1674; baseline 0.007 -5"><span class='ocrx_word' id='word_1_105' title='bbox 138 1612 209 1669; x_wconf 91' lang='lat' dir='ltr'>Non</span> <span class='ocrx_word' id='word_1_106' title='bbox 223 1609 313 1669; x_wconf 84' lang='lat' dir='ltr'>solbm</span> <span class='ocrx_word' id='word_1_107' title='bbox 326 1621 445 1668; x_wconf 84' lang='lat' dir='ltr'>exortos</span> <span class='ocrx_word' id='word_1_108' title='bbox 458 1609 590 1669; x_wconf 88' lang='lat' dir='ltr'>homines</span> <span class='ocrx_word' id='word_1_109' title='bbox 605 1610 724 1669; x_wconf 90' lang='lat' dir='ltr'>olim-ve</span> <span class='ocrx_word' id='word_1_110' title='bbox 739 1612 850 1674; x_wconf 85' lang='lat' dir='ltr'>futuros</span> 
     </span>
    </p>

    <p class='ocr_par' dir='ltr' id='par_1_6' title="bbox 73 1687 979 1839">
     <span class='ocr_line' id='line_1_19' title="bbox 138 1687 979 1821; baseline 0.006 -76"><span class='ocrx_word' id='word_1_111' title='bbox 138 1689 170 1745; x_wconf 92' lang='lat' dir='ltr'>In</span> <span class='ocrx_word' id='word_1_112' title='bbox 191 1698 271 1763; x_wconf 86' lang='lat' dir='ltr'>patre</span> <span class='ocrx_word' id='word_1_113' title='bbox 290 1703 435 1762; x_wconf 85' lang='lat' dir='ltr'>quemque</span> <span class='ocrx_word' id='word_1_114' title='bbox 453 1687 503 1745; x_wconf 90' lang='lat' dir='ltr'>suo</span> <span class='ocrx_word' id='word_1_115' title='bbox 523 1687 613 1761; x_wconf 87' lang='lat' dir='ltr'>stirpis</span> <span class='ocrx_word' id='word_1_116' title='bbox 630 1688 848 1821; x_wconf 45' lang='lat' dir='ltr'>comprenderat</span> <span class='ocrx_word' id='word_1_117' title='bbox 861 1692 979 1767; x_wconf 72' lang='lat' dir='ltr'>auiior,</span> 
     </span>
     <span class='ocr_line' id='line_1_20' title="bbox 73 1761 939 1839; baseline 0.007 -17"><span class='ocrx_word' id='word_1_118' title='bbox 73 1761 194 1824; x_wconf 76' lang='lat' dir='ltr'>aorosed</span> <span class='ocrx_word' id='word_1_119' title='bbox 208 1762 303 1839; x_wconf 85' lang='lat' dir='ltr'>plures</span> <span class='ocrx_word' id='word_1_120' title='bbox 318 1762 426 1831; x_wconf 86' lang='lat' dir='ltr'>multo,</span> <span class='ocrx_word' id='word_1_121' title='bbox 444 1765 495 1834; x_wconf 88' lang='lat' dir='ltr'>qui</span> <span class='ocrx_word' id='word_1_122' title='bbox 510 1778 653 1836; x_wconf 91' lang='lat' dir='ltr'>nunquam</span> <span class='ocrx_word' id='word_1_123' title='bbox 675 1782 690 1821; x_wconf 89' lang='lat' dir='ltr'>a</span> <span class='ocrx_word' id='word_1_124' title='bbox 725 1765 836 1827; x_wconf 85' lang='lat' dir='ltr'>luminis</span> <span class='ocrx_word' id='word_1_125' title='bbox 858 1786 939 1828; x_wconf 87' lang='lat' dir='ltr'>auras</span> 
     </span>
    </p>

    <p class='ocr_par' dir='ltr' id='par_1_7' title="bbox 139 1836 946 1917">
     <span class='ocr_line' id='line_1_21' title="bbox 139 1836 946 1917; baseline 0.011 -20"><span class='ocrx_word' id='word_1_126' title='bbox 139 1839 326 1909; x_wconf 89' lang='lat' dir='ltr'>Pervenient,</span> <span class='ocrx_word' id='word_1_127' title='bbox 346 1852 508 1911; x_wconf 88' lang='lat' dir='ltr'>quanquam</span> <span class='ocrx_word' id='word_1_128' title='bbox 527 1836 563 1895; x_wconf 89' lang='lat' dir='ltr'>ad</span> <span class='ocrx_word' id='word_1_129' title='bbox 577 1838 669 1895; x_wconf 90' lang='lat' dir='ltr'>lucem</span> <span class='ocrx_word' id='word_1_130' title='bbox 689 1841 833 1917; x_wconf 86' lang='lat' dir='ltr'>vitamque</span> <span class='ocrx_word' id='word_1_131' title='bbox 867 1846 946 1907; x_wconf 89' lang='lat' dir='ltr'>arati.</span> 
     </span>
    </p>

    <p class='ocr_par' dir='ltr' id='par_1_8' title="bbox 136 1909 916 1991">
     <span class='ocr_line' id='line_1_22' title="bbox 136 1909 916 1991; baseline 0.01 -19"><span class='ocrx_word' id='word_1_132' title='bbox 136 1915 290 1991; x_wconf 86' lang='lat' dir='ltr'>Quotquot</span> <span class='ocrx_word' id='word_1_133' title='bbox 310 1912 388 1970; x_wconf 91' lang='lat' dir='ltr'>enim</span> <span class='ocrx_word' id='word_1_134' title='bbox 404 1909 534 1983; x_wconf 76' lang='lat' dir='ltr'>agenitis</span> <span class='ocrx_word' id='word_1_135' title='bbox 549 1912 626 1986; x_wconf 84' lang='lat' dir='ltr'>gigni</span> <span class='ocrx_word' id='word_1_136' title='bbox 644 1927 766 1988; x_wconf 83' lang='lat' dir='ltr'>potuere</span> <span class='ocrx_word' id='word_1_137' title='bbox 779 1918 835 1976; x_wconf 93' lang='lat' dir='ltr'>vici</span> <span class='ocrx_word' id='word_1_138' title='bbox 857 1939 916 1991; x_wconf 88' lang='lat' dir='ltr'>rur,</span> 
     </span>
    </p>

    <p class='ocr_par' dir='ltr' id='par_1_9' title="bbox 136 1986 956 2074">
     <span class='ocr_line' id='line_1_23' title="bbox 136 1986 956 2074; baseline 0.013 -28"><span class='ocrx_word' id='word_1_139' title='bbox 136 1990 195 2066; x_wconf 85' lang='lat' dir='ltr'>Qui</span> <span class='ocrx_word' id='word_1_140' title='bbox 212 2002 308 2048; x_wconf 84' lang='lat' dir='ltr'>tamen</span> <span class='ocrx_word' id='word_1_141' title='bbox 322 1988 351 2044; x_wconf 91' lang='lat' dir='ltr'>in</span> <span class='ocrx_word' id='word_1_142' title='bbox 365 1986 492 2045; x_wconf 87' lang='lat' dir='ltr'>tenebris</span> <span class='ocrx_word' id='word_1_143' title='bbox 506 1987 619 2058; x_wconf 87' lang='lat' dir='ltr'>jacuere</span> <span class='ocrx_word' id='word_1_144' title='bbox 631 1991 821 2066; x_wconf 84' lang='lat' dir='ltr'>perennibus,</span> <span class='ocrx_word' id='word_1_145' title='bbox 841 1995 867 2054; x_wconf 83' lang='lat' dir='ltr'>dt</span> <span class='ocrx_word' id='word_1_146' title='bbox 881 2013 956 2074; x_wconf 82' lang='lat' dir='ltr'>quoa</span> 
     </span>
    </p>

    <p class='ocr_par' dir='ltr' id='par_1_10' title="bbox 139 2061 874 2140">
     <span class='ocr_line' id='line_1_24' title="bbox 139 2061 874 2140; baseline 0.014 -17"><span class='ocrx_word' id='word_1_147' title='bbox 139 2061 282 2140; x_wconf 89' lang='lat' dir='ltr'>Oppressit</span> <span class='ocrx_word' id='word_1_148' title='bbox 301 2077 362 2121; x_wconf 85' lang='lat' dir='ltr'>nox</span> <span class='ocrx_word' id='word_1_149' title='bbox 377 2073 436 2120; x_wconf 89' lang='lat' dir='ltr'>atra</span> <span class='ocrx_word' id='word_1_150' title='bbox 451 2073 558 2122; x_wconf 80' lang='lat' dir='ltr'>aeterno</span> <span class='ocrx_word' id='word_1_151' title='bbox 573 2063 729 2124; x_wconf 89' lang='lat' dir='ltr'>incarcere</span> <span class='ocrx_word' id='word_1_152' title='bbox 748 2066 874 2133; x_wconf 71' lang='lat' dir='ltr'>clausos:</span> 
     </span>
    </p>

    <p class='ocr_par' dir='ltr' id='par_1_11' title="bbox 72 2136 934 2523">
     <span class='ocr_line' id='line_1_25' title="bbox 72 2136 885 2274; baseline 0.012 -79"><span class='ocrx_word' id='word_1_153' title='bbox 72 2161 130 2206; x_wconf 86' lang='lat'>1015</span> <span class='ocrx_word' id='word_1_154' title='bbox 139 2142 192 2210; x_wconf 78' lang='lat' dir='ltr'>lit,</span> <span class='ocrx_word' id='word_1_155' title='bbox 212 2136 332 2198; x_wconf 88' lang='lat' dir='ltr'>fidante</span> <span class='ocrx_word' id='word_1_156' title='bbox 347 2138 415 2197; x_wconf 92' lang='lat' dir='ltr'>Deo</span> <span class='ocrx_word' id='word_1_157' title='bbox 431 2137 596 2214; x_wconf 82' lang='lat' dir='ltr'>spiraffeut‚</span> <span class='ocrx_word' id='word_1_158' title='bbox 616 2154 761 2274; x_wconf 50' lang='lat' dir='ltr'>‹iuotquot</span> <span class='ocrx_word' id='word_1_159' title='bbox 774 2148 809 2204; x_wconf 84' lang='lat' dir='ltr'>ab</span> <span class='ocrx_word' id='word_1_160' title='bbox 830 2145 885 2205; x_wconf 84' lang='lat' dir='ltr'>illia</span> 
     </span>
     <span class='ocr_line' id='line_1_26' title="bbox 138 2213 826 2289; baseline 0.006 -12"><span class='ocrx_word' id='word_1_161' title='bbox 138 2215 239 2278; x_wconf 88' lang='lat' dir='ltr'>Enasci</span> <span class='ocrx_word' id='word_1_162' title='bbox 255 2224 406 2289; x_wconf 85' lang='lat' dir='ltr'>poterant,</span> <span class='ocrx_word' id='word_1_163' title='bbox 426 2217 541 2275; x_wconf 75' lang='lat' dir='ltr'>cunilos</span> <span class='ocrx_word' id='word_1_164' title='bbox 555 2213 623 2275; x_wconf 86' lang='lat' dir='ltr'>limu</span> <span class='ocrx_word' id='word_1_165' title='bbox 647 2234 703 2278; x_wconf 88' lang='lat' dir='ltr'>una</span> <span class='ocrx_word' id='word_1_166' title='bbox 716 2223 826 2281; x_wconf 90' lang='lat' dir='ltr'>creavit</span> 
     </span>
     <span class='ocr_line' id='line_1_27' title="bbox 136 2290 919 2376; baseline 0.009 -25"><span class='ocrx_word' id='word_1_167' title='bbox 136 2292 340 2366; x_wconf 87' lang='lat' dir='ltr'>Formavltque</span> <span class='ocrx_word' id='word_1_168' title='bbox 353 2290 430 2362; x_wconf 89' lang='lat' dir='ltr'>dies,</span> <span class='ocrx_word' id='word_1_169' title='bbox 447 2293 503 2365; x_wconf 85' lang='lat' dir='ltr'>J&#39;am</span> <span class='ocrx_word' id='word_1_170' title='bbox 524 2294 657 2353; x_wconf 84' lang='lat' dir='ltr'>membris</span> <span class='ocrx_word' id='word_1_171' title='bbox 672 2297 805 2357; x_wconf 88' lang='lat' dir='ltr'>omnibus</span> <span class='ocrx_word' id='word_1_172' title='bbox 819 2311 919 2376; x_wconf 88' lang='lat' dir='ltr'>aptos,</span> 
     </span>
     <span class='ocr_line' id='line_1_28' title="bbox 136 2369 934 2452; baseline 0.013 -23"><span class='ocrx_word' id='word_1_173' title='bbox 136 2370 197 2449; x_wconf 85' lang='lat' dir='ltr'>Janr</span> <span class='ocrx_word' id='word_1_174' title='bbox 214 2369 315 2446; x_wconf 89' lang='lat' dir='ltr'>plenos</span> <span class='ocrx_word' id='word_1_175' title='bbox 330 2378 483 2443; x_wconf 82' lang='lat' dir='ltr'>vegetante</span> <span class='ocrx_word' id='word_1_176' title='bbox 497 2369 603 2438; x_wconf 77' lang='lat' dir='ltr'>animi,</span> <span class='ocrx_word' id='word_1_177' title='bbox 626 2369 674 2430; x_wconf 94' lang='lat' dir='ltr'>sed</span> <span class='ocrx_word' id='word_1_178' title='bbox 690 2376 792 2433; x_wconf 85' lang='lat' dir='ltr'>mentis</span> <span class='ocrx_word' id='word_1_179' title='bbox 807 2390 934 2452; x_wconf 83' lang='lat' dir='ltr'>egentes.</span> 
     </span>
     <span class='ocr_line' id='line_1_29' title="bbox 137 2443 852 2523; baseline 0.007 -15"><span class='ocrx_word' id='word_1_180' title='bbox 137 2447 177 2508; x_wconf 82' lang='lat' dir='ltr'>At</span> <span class='ocrx_word' id='word_1_181' title='bbox 195 2459 284 2509; x_wconf 87' lang='lat' dir='ltr'>totam</span> <span class='ocrx_word' id='word_1_182' title='bbox 304 2444 334 2503; x_wconf 92' lang='lat' dir='ltr'>in</span> <span class='ocrx_word' id='word_1_183' title='bbox 347 2443 470 2504; x_wconf 87' lang='lat' dir='ltr'>maribus</span> <span class='ocrx_word' id='word_1_184' title='bbox 490 2447 599 2521; x_wconf 89' lang='lat' dir='ltr'>prolem</span> <span class='ocrx_word' id='word_1_185' title='bbox 615 2448 770 2523; x_wconf 89' lang='lat' dir='ltr'>primordia</span> <span class='ocrx_word' id='word_1_186' title='bbox 786 2452 852 2514; x_wconf 76' lang='lat' dir='ltr'>vitas</span> 
     </span>
    </p>

    <p class='ocr_par' dir='ltr' id='par_1_12' title="bbox 72 2519 868 2674">
     <span class='ocr_line' id='line_1_30' title="bbox 72 2519 825 2659; baseline 0.008 -76"><span class='ocrx_word' id='word_1_187' title='bbox 72 2519 392 2659; x_wconf 50' lang='lat' dir='ltr'>iozoAccepiffesribs,</span> <span class='ocrx_word' id='word_1_188' title='bbox 412 2520 495 2598; x_wconf 81' lang='lat' dir='ltr'>quim</span> <span class='ocrx_word' id='word_1_189' title='bbox 512 2522 545 2581; x_wconf 90' lang='lat' dir='ltr'>srt</span> <span class='ocrx_word' id='word_1_190' title='bbox 560 2525 708 2595; x_wconf 65' lang='lat' dir='ltr'>conjuncta</span> <span class='ocrx_word' id='word_1_191' title='bbox 722 2530 825 2589; x_wconf 87' lang='lat' dir='ltr'>nrarito</span> 
     </span>
     <span class='ocr_line' id='line_1_31' title="bbox 136 2596 868 2674; baseline 0.01 -15"><span class='ocrx_word' id='word_1_192' title='bbox 136 2602 267 2673; x_wconf 67' lang='lat' dir='ltr'>Femina,⁵</span> <span class='ocrx_word' id='word_1_193' title='bbox 328 2596 456 2668; x_wconf 88' lang='lat' dir='ltr'>dubitas,</span> <span class='ocrx_word' id='word_1_194' title='bbox 477 2599 578 2660; x_wconf 88' lang='lat' dir='ltr'>oculos</span> <span class='ocrx_word' id='word_1_195' title='bbox 592 2601 725 2674; x_wconf 88' lang='lat' dir='ltr'>adverte,</span> <span class='ocrx_word' id='word_1_196' title='bbox 746 2605 868 2666; x_wconf 77' lang='lat' dir='ltr'>videbis.</span> 
     </span>
    </p>
   </div>
   <div class='ocr_carea' id='block_1_4' title="bbox 74 2752 1064 3220">
    <p class='ocr_par' dir='ltr' id='par_1_13' title="bbox 74 2752 1064 3220">
     <span class='ocr_line' id='line_1_32' title="bbox 174 2752 1020 2838; baseline 0.024 -30"><span class='ocrx_word' id='word_1_197' title='bbox 174 2752 312 2814; x_wconf 76' lang='lat' dir='ltr'>Nemas</span> <span class='ocrx_word' id='word_1_198' title='bbox 331 2753 573 2831; x_wconf 89' lang='lat' dir='ltr'>Microscoplunr,</span> <span class='ocrx_word' id='word_1_199' title='bbox 594 2757 707 2816; x_wconf 84' lang='lat' dir='ltr'>Batavis</span> <span class='ocrx_word' id='word_1_200' title='bbox 722 2758 801 2834; x_wconf 92' lang='lat' dir='ltr'>quod</span> <span class='ocrx_word' id='word_1_201' title='bbox 816 2777 907 2838; x_wconf 84' lang='lat' dir='ltr'>nuper</span> <span class='ocrx_word' id='word_1_202' title='bbox 918 2766 947 2829; x_wconf 91' lang='lat' dir='ltr'>ln</span> <span class='ocrx_word' id='word_1_203' title='bbox 960 2770 1020 2833; x_wconf 77' lang='lat' dir='ltr'>orla</span> 
     </span>
     <span class='ocr_line' id='line_1_33' title="bbox 137 2824 801 2908; baseline 0.018 -24"><span class='ocrx_word' id='word_1_204' title='bbox 137 2824 242 2884; x_wconf 81' lang='lat' dir='ltr'>Divini</span> <span class='ocrx_word' id='word_1_205' title='bbox 256 2831 363 2905; x_wconf 89' lang='lat' dir='ltr'>sapiens</span> <span class='ocrx_word' id='word_1_206' title='bbox 382 2832 488 2908; x_wconf 84' lang='lat' dir='ltr'>reperit</span> <span class='ocrx_word' id='word_1_207' title='bbox 504 2832 705 2894; x_wconf 78' lang='lat' dir='ltr'>Levenoclrius</span> <span class='ocrx_word' id='word_1_208' title='bbox 721 2848 801 2905; x_wconf 89' lang='lat' dir='ltr'>arte,</span> 
     </span>
     <span class='ocr_line' id='line_1_34' title="bbox 139 2899 1064 3001; baseline 0.03 -43"><span class='ocrx_word' id='word_1_209' title='bbox 139 2899 371 2978; x_wconf 86' lang='lat' dir='ltr'>Perspicuamque</span> <span class='ocrx_word' id='word_1_210' title='bbox 384 2905 474 2967; x_wconf 89' lang='lat' dir='ltr'>facem</span> <span class='ocrx_word' id='word_1_211' title='bbox 489 2908 515 2967; x_wconf 90' lang='lat' dir='ltr'>in</span> <span class='ocrx_word' id='word_1_212' title='bbox 531 2910 656 2969; x_wconf 89' lang='lat' dir='ltr'>tenebris</span> <span class='ocrx_word' id='word_1_213' title='bbox 673 2910 752 2970; x_wconf 87' lang='lat' dir='ltr'>dedit</span> <span class='ocrx_word' id='word_1_214' title='bbox 768 2913 823 2973; x_wconf 83' lang='lat' dir='ltr'>elle</span> <span class='ocrx_word' id='word_1_215' title='bbox 836 2918 1007 3001; x_wconf 86' lang='lat' dir='ltr'>profundis,</span> <span class='ocrx_word' id='word_1_216' title='bbox 1061 2934 1064 2941; x_wconf 90' lang='lat'>&#39;</span> 
     </span>
     <span class='ocr_line' id='line_1_35' title="bbox 74 2977 866 3052; baseline 0.019 -15"><span class='ocrx_word' id='word_1_217' title='bbox 74 2977 242 3052; x_wconf 78' lang='lat' dir='ltr'>1025Arripe</span> <span class='ocrx_word' id='word_1_218' title='bbox 257 2979 284 3037; x_wconf 85' lang='lat' dir='ltr'>dt</span> <span class='ocrx_word' id='word_1_219' title='bbox 302 2979 428 3043; x_wconf 86' lang='lat' dir='ltr'>observa.</span> <span class='ocrx_word' id='word_1_220' title='bbox 455 2985 537 3045; x_wconf 90' lang='lat' dir='ltr'>Nihil</span> <span class='ocrx_word' id='word_1_221' title='bbox 558 2987 598 3046; x_wconf 85' lang='lat' dir='ltr'>est</span> <span class='ocrx_word' id='word_1_222' title='bbox 618 2986 667 3046; x_wconf 81' lang='lat' dir='ltr'>nifi</span> <span class='ocrx_word' id='word_1_223' title='bbox 687 2988 777 3047; x_wconf 88' lang='lat' dir='ltr'>vitrea</span> <span class='ocrx_word' id='word_1_224' title='bbox 797 2990 866 3052; x_wconf 86' lang='lat' dir='ltr'>lenti</span> 
     </span>
     <span class='ocr_line' id='line_1_36' title="bbox 137 3053 889 3144; baseline 0.029 -34"><span class='ocrx_word' id='word_1_225' title='bbox 137 3053 273 3130; x_wconf 81' lang='lat' dir='ltr'>Lacryma</span> <span class='ocrx_word' id='word_1_226' title='bbox 287 3071 421 3118; x_wconf 77' lang='lat' dir='ltr'>convexo</span> <span class='ocrx_word' id='word_1_227' title='bbox 433 3060 544 3132; x_wconf 88' lang='lat' dir='ltr'>fimills,</span> <span class='ocrx_word' id='word_1_228' title='bbox 566 3080 649 3137; x_wconf 86' lang='lat' dir='ltr'>quarn</span> <span class='ocrx_word' id='word_1_229' title='bbox 664 3063 768 3124; x_wconf 89' lang='lat' dir='ltr'>lamina</span> <span class='ocrx_word' id='word_1_230' title='bbox 782 3066 889 3144; x_wconf 81' lang='lat' dir='ltr'>duplex</span> 
     </span>
     <span class='ocr_line' id='line_1_37' title="bbox 137 3129 880 3220; baseline 0.017 -28"><span class='ocrx_word' id='word_1_231' title='bbox 137 3129 275 3195; x_wconf 87' lang='lat' dir='ltr'>Continet</span> <span class='ocrx_word' id='word_1_232' title='bbox 287 3131 416 3206; x_wconf 84' lang='lat' dir='ltr'>infixam,</span> <span class='ocrx_word' id='word_1_233' title='bbox 437 3138 574 3220; x_wconf 87' lang='lat' dir='ltr'>tenuique</span> <span class='ocrx_word' id='word_1_234' title='bbox 591 3141 739 3203; x_wconf 71' lang='lat' dir='ltr'>toramine</span> <span class='ocrx_word' id='word_1_235' title='bbox 757 3143 880 3204; x_wconf 65' lang='lat' dir='ltr'>circum</span> 
     </span>
    </p>
   </div>
   <div class='ocr_carea' id='block_1_5' title="bbox 0 0 1076 3502">
    <p class='ocr_par' dir='ltr' id='par_1_14' title="bbox 0 0 1076 3502">
     <span class='ocr_line' id='line_1_38' title="bbox 0 0 1076 3502; baseline 0 1"><span class='ocrx_word' id='word_1_236' title='bbox 0 0 1076 3502; x_wconf 95' lang='lat' dir='ltr'> </span> 
     </span>
    </p>
   </div>
  </div>
 </body>
</html>
