2144 3502
182 124 467 242 ‘arsuri
523 124 812 240 snx'rus.
933 174 1050 266 ²¹⁷*

83 310 267 387 Duratosque
287 308 365 367 lacus
379 320 566 386 concretaque
578 307 694 368 flumina
710 302 833 369 calcant,
881 352 887 358 .

84 389 122 447 Et
134 386 230 462 gelida
240 382 383 444 effodiunt
399 385 508 462 tepidos
522 386 623 445 tellure
642 395 776 460 penates,

38 462 282 536 ¹5⁰Cctorumque
301 460 410 536 adipem
434 473 535 537 potant
548 461 626 538 prins
646 462 712 536 igue
729 456 876 530 liquatum.

84 537 177 672 gurim
192 537 292 596 multas
312 553 370 595 uno
384 537 413 596 in
437 537 545 614 populo
563 537 641 595 ssmul
660 533 757 609 aspicis
772 541 845 589 artes
856 570 878 598 ,.

114 611 267 687 ivendique
288 613 389 673 modos
408 611 496 674 liudis
511 615 540 672 iu
554 611 664 673 diversa
677 605 821 669 tributos?

123 764 178 822 Aa
198 763 267 825 verb
279 764 327 825 ille
341 763 411 825 seris
430 778 514 825 tenor
535 763 593 836 est,
611 776 643 823 ut
656 762 764 835 semper
778 752 897 817 eandem

84 839 213 917 Quasque
226 839 264 900 sui
281 846 394 917 generis
414 857 541 900 normam
557 839 697 898 indeflexa
709 839 850 912 sequatur.

37 914 77 964 ⁸55
86 919 154 993 Quo
172 915 226 974 ritu
242 915 355 1052 defalla
373 917 434 977 suas
449 918 509 993 apis
525 916 620 975 Attica
633 924 740 990 myrtos

85 992 206 1051 Omnem
221 994 277 1051 mel
290 993 364 1052 illuis
383 994 540 1052 alvearibus
558 1002 639 1051 ornat
652 993 833 1065 Hymettum,

83 1067 152 1126 Hoc
162 1067 246 1127 etiam
260 1068 415 1141 dulcesque
428 1068 509 1128 savos
521 1065 549 1125 dt
563 1065 681 1127 candida
693 1063 777 1123 mella

84 1141 241 1203 Sarmatica
258 1143 430 1202 fabricantur
445 1160 460 1201 a
481 1159 521 1202 cs.
542 1147 637 1219 Lupus
651 1140 721 1202 Aser
736 1139 765 1197 in
777 1153 866 1211 agnos

84 1216 170 1280 Sauit
187 1232 220 1277 ut
239 1217 383 1276 Ausonius
397 1217 444 1277 vel
459 1160 557 1277 gersa:
576 1233 670 1295 neque
685 1216 783 1275 Indica
804 1211 915 1287 vulpes.

37 1295 117 1353 taeln
135 1292 232 1367 pullos
246 1292 330 1349 aliam
346 1303 472 1364 exercet,
492 1293 575 1370 quam
589 1294 695 1355 Gallica
708 1287 847 1350 sraudem.

83 1366 231 1427 Praedator
250 1369 365 1426 candos
378 1370 529 1444 populatur
547 1371 636 1431 lucius
657 1383 763 1427 amnes.

84 1440 245 1516 Insequitur
259 1443 371 1519 cymbas
392 1455 456 1504 toto
471 1448 546 1508 canis
560 1448 639 1507 Orbe
655 1445 794 1510 marinus,

85 1516 320 1595 Tergeminoque
333 1521 424 1597 aperit
441 1520 568 1585 dentatas
586 1520 687 1582 ordine
705 1520 818 1588 fauces,

86 1593 262 1652 circumiens
275 1612 387 1671 prorant
406 1595 433 1655 &
447 1599 578 1677 puppim3
599 1594 706 1657 srfortd
718 1606 860 1655 natantem
943 1620 946 1625 ·

37 1667 216 1740 rutncaute,
235 1683 283 1731 aut
301 1671 406 1748 lapsum
424 1680 531 1750 poterit
547 1676 704 1749 discerpere
723 1682 844 1729 nautam.

85 1744 185 1805 Omnis
204 1762 272 1806 aves
292 1749 404 1816 vultur,
426 1752 502 1824 capit
520 1753 612 1808 omnis
631 1765 731 1808 aranea
743 1746 864 1811 muscas3

85 1823 207 1882 cundos
220 1821 326 1881 insidiis
338 1823 485 1880 amfrattus
507 1826 620 1899 parietis
638 1822 737 1896 implet

85 1896 254 1967 Pensrlibua,
275 1897 340 1955 loca
360 1895 434 1954 soeda
454 1897 505 1954 fltu
525 1897 692 1974 &negledla
707 1894 900 1970 frequentans.

85 1975 124 2032 Et
143 1971 264 2030 formica
275 1972 323 2028 leo
339 1969 461 2045 predam
478 1970 575 2031 scrobe
590 1971 661 2031 fallit
674 1984 796 2030 euntem.

37 2049 204 2120 ¹7⁰8emper
240 2043 384 2104 landiseris
397 2047 511 2106 inventa
525 2048 573 2107 sub
586 2049 697 2108 ilicibus
713 2046 766 2104 sus.

85 2062 244 2196 Semperdr
265 2119 369 2181 effoffis
388 2121 496 2183 latitare
509 2126 655 2185 cuniculus
670 2122 758 2182 antris
879 2160 883 2167 -

86 2196 186 2268 Visus,
206 2197 366 2256 amaracino
378 2199 504 2273 mudena
517 2200 544 2260 dr
559 2201 651 2262 odore
663 2198 784 2275 myrica.

86 2276 170 2332 Unus
187 2270 384 2336 hirundinibus
403 2292 467 2336 mos
479 2277 519 2336 est
534 2278 717 2353 compingere
735 2273 856 2350 nidum,

86 2348 206 2411 Diluere
224 2349 349 2425 argillam
368 2352 467 2427 sorptis
485 2351 503 2412 ὲ
524 2353 641 2412 flumine
654 2352 760 2429 guttis,

36 2425 132 2488 ⁸⁷⁵Ac
144 2424 240 2484 faciles
255 2425 336 2486 molli
358 2425 469 2500 stipulas
487 2430 615 2488 interere
634 2429 721 2499 limo,

87 2505 125 2565 Et
138 2501 259 2561 culicum
280 2502 402 2579 aucupio
415 2516 495 2564 totos
510 2504 654 2565 absumere
672 2506 755 2564 soles.

86 2581 134 2639 Sic
148 2578 418 2654 Philomelaparem
438 2582 520 2640 terris
532 2584 608 2642 cauit
621 2581 752 2640 omnibus
766 2579 920 2657 hymnum

87 2656 233 2729 Hymnum
247 2655 362 2716 delicias
380 2657 479 2729 Veris,
500 2673 584 2733 quem
599 2658 676 2716 nulla
689 2659 822 2716 maritans

90 2731 231 2788 Aonidum
252 2748 355 2792 vocem
368 2731 492 2809 pleiiro‚
511 2751 572 2795 non
591 2733 692 2792 flebilis
707 2731 861 2808 Orpheus,

37 2805 160 2864 ⁸⁸0Non
173 2804 274 2864 Phoebl
291 2811 367 2886 lyra,
388 2810 528 2871 Mercurii
542 2827 601 2870 non
620 2810 687 2869 tibia
702 2809 805 2867 vincat.

126 2958 229 3090 H¹l⁴⁰
250 2958 301 3016 tibi
319 2958 388 3035 sepe
408 2961 486 3022 dabit
506 2961 602 3022 dulces
624 2958 755 3019 incallida
769 2957 867 3037 ludos,

86 3035 164 3094 Duru
191 3049 207 3090 e
222 3030 367 3092 discruciat
380 3053 455 3098 uano
470 3037 571 3112 gallina
586 3053 701 3111 pavore.
860 3040 864 3051 '

87 3106 492 3187 Nausisuppositosauatum
511 3111 760 3259 nutriculaptglog
961 3177 1037 3228 W
