2144 3502
104 129 140 185 ss
210 198 214 205 Ι
272 115 847 211 Auerruncus-rus.

76 299 80 305 .
105 251 203 323 Atque
217 243 285 305 ideo
303 250 335 307 in
352 249 453 307 multas
475 248 647 307 Atomorurn
664 249 770 313 summa
786 250 921 319 cohortes

76 324 150 387 ‘'Sir
162 323 263 395 divisa,
286 338 337 383 ruo
354 326 592 399 praceptorisque
609 327 706 386 noers

108 401 235 481 ludicio,
257 417 439 476 quaecurrrque
458 398 565 458 cohors
581 399 713 460 immensa
734 415 867 479 putetur,

59 499 104 540 300
114 481 175 537 llac
190 494 262 553 opus
278 476 317 535 eil
331 477 385 532 uni
399 476 527 551 Spatium
540 475 619 537 fimul
635 493 721 537 omne
738 482 850 554 repleri.

112 557 268 616 Terminus
284 551 323 611 est
340 551 396 622 illi,
417 549 496 624 quod
515 568 573 610 non
589 565 751 627 penetratur
766 557 801 612 ab
817 557 882 631 ipsi.

111 636 220 701 Porro,
241 629 287 688 dic
305 626 405 697 sodes,
426 644 494 703 gens
507 629 619 688 'infinita
633 631 771 688 cuborum

60 710 63 715 '
112 712 159 769 An
179 720 260 776 toro,
281 710 419 780 quantum
439 703 494 774 est,
517 706 617 779 Spurio
631 704 813 780 protenditur
829 711 909 768 uns?

113 782 198 844 Haud
212 780 305 843 certe:
326 780 460 854 siquidem
479 782 602 856 globulis
618 784 749 855 jamnon
769 780 850 840 locus
866 787 950 855 eliet,

64 880 106 924 ,ος
118 861 180 918 Ne'c
196 858 292 933 spiris,
313 857 475 932 triquetris,
494 857 638 929 rhombis,
658 857 859 928 mucronibus,
872 859 976 923 hemis.

118 935 227 992 Conica
246 948 314 1009 gens
331 945 422 994 toturn
443 933 501 993 sola
515 953 572 993 exre
596 934 667 992 narit
681 934 781 991 Inane:

117 1010 185 1091 Qud
202 1026 277 1067 nunc
292 1009 478 1083 Pyramides,
499 1010 558 1085 qud
574 953 659 1078 disci,
679 1008 775 1084 quisve
792 1005 914 1081 cylindri

112 1087 300 1162 Migrabunt3
317 1085 456 1157 J'uvarhis
473 1087 600 1160 Spatium
615 1084 688 1145 ultra
709 1099 834 1159 quaerere
849 1083 936 1143 sedes.

116 1162 206 1222 Nulla
221 1162 305 1236 igitur
323 1161 449 1237 Spatium
468 1161 632 1220 immensum
655 1159 713 1217 sola
725 1171 854 1235 occupat.
874 1159 952 1235 Ergo

66 1269 111 1313 310
122 1239 206 1298 Nulla
226 1236 360 1299 immensa
392 1234 480 1313 otest,
500 1236 577 1294 nulla
595 1235 704 1293 infinita
719 1238 826 1295 vocari.
936 1248 938 1252 “

117 1316 196 1377 Dant
216 1315 277 1374 aliis
290 1313 351 1372 aliae
368 1256 453 1371 guerr
465 1312 664 1388 accipiuntque
686 1311 812 1372 vrciffim.

118 1389 173 1453 Sed
193 1409 255 1466 quae
276 1389 339 1449 [unt
352 1388 430 1447 finita
448 1385 529 1456 loco,
552 1387 629 1447 linita
648 1387 758 1447 necesse
774 1387 813 1446 est

42 1476 51 1493 “
119 1468 183 1526 Sint
199 1470 282 1525 etiam
299 1481 436 1530 numer03
456 1480 541 1536 quare
557 1464 604 1523 sub
619 1466 729 1541 quique
742 1462 827 1537 figuti

118 1544 284 1599 Innumeras
298 1539 420 1599 Atomos
435 1537 583 1598 consistere
598 1538 676 1615 polle
690 1536 859 1614 negandum.
959 1574 965 1585 =

68 1643 110 1688 μς
120 1618 210 1687 Porro
230 1614 323 1672 finitas
333 1614 509 1673 ·Atomorurrl
531 1613 626 1675 dicere
639 1612 758 1683 formas,
853 1614 855 1619 ’
903 1678 905 1683 ,

119 1692 215 1764 Atque
230 1688 297 1747 ideo
316 1688 431 1760 classes,
451 1691 531 1766 queis
546 1691 614 1749 dant
635 1688 680 1749 sua
693 1690 806 1750 nomina
822 1688 936 1765 formae,

121 1765 251 1840 Cogeris.
272 1765 348 1840 Hinc
367 1764 491 1840 sequitur
505 1765 663 1825 conclusam
685 1766 774 1826 limite
791 1781 871 1828 certo

119 1842 250 1905 Materiae
264 1841 410 1907 snururarn:
432 1840 496 1901 cium
515 1858 574 1901 non
593 1840 752 1904 coalescere
769 1843 854 1921 polilt

120 1919 256 1994 Undique
270 1917 355 1979 finiris
373 1919 390 1979 d
405 1919 530 1994 partibus
552 1919 698 1980 inlinitumss

69 2021 114 2065 320
123 1995 179 2057 Sed
198 1994 331 2070 quoniam
347 1994 435 2070 Sparii
452 1993 643 2071 quodcunque
661 1994 797 2072 relinquis
813 1996 915 2067 inane,
963 2034 968 2055 2

120 2071 215 2148 AEqud
230 2071 367 2132 inlinitum
389 2068 429 2132 est
446 2082 531 2146 atque
548 2071 577 2129 id
592 2069 671 2145 quod
686 2088 808 2148 corpore
831 2071 978 2149 comples,

119 2152 191 2208 Inde
205 2148 296 2228 liquet
312 2148 401 2223 Spatii
419 2147 551 2206 summam
571 2163 631 2206 non
644 2146 721 2225 posse
736 2146 857 2223 repleri,

118 2227 253 2287 Ninova
264 2225 394 2295 Materiae
410 2223 518 2283 summa
527 2224 631 2284 infinita
646 2236 767 2285 creetur.
805 2268 807 2273 .
983 2268 988 2277 .

119 2305 190 2382 Quae
205 2318 280 2360 nunc
296 2300 382 2375 sparsa
396 2311 474 2359 nutat
488 2302 606 2373 Vacuo,
621 2299 703 2376 quim
718 2310 796 2359 curta
809 2298 967 2375 brevisque,
976 2295 1030 2357 eil!

68 2398 110 2442 325
121 2379 222 2454 Ampla
238 2374 337 2445 videre
357 2375 427 2434 milri
446 2376 623 2453 videorque
641 2378 717 2438 dolia
733 2375 821 2453 vulgd
894 2444 897 2449 ,

120 2455 268 2515 Allervant
289 2450 362 2510 inter
377 2468 444 2512 cava
458 2452 638 2513 fundamenta
655 2453 807 2523 domorum

120 2533 288 2598 Teutones,
307 2528 361 2588 aut'
370 2530 474 2606 cryptis
493 2530 647 2607 gelidoque
661 2530 690 2589 in
711 2542 810 2590 moure
824 2524 919 2601 reclfis
939 2584 942 2595 ,

118 2608 294 2676 Porticibus,
316 2606 409 2667 ueteri
425 2607 526 2670 sacrata
539 2607 643 2683 palatia
662 2602 799 2664 Boccho:
823 2674 830 2688 ·
853 2673 860 2688 ι
916 2606 919 2611 ’

119 2685 151 2742 ln
164 2704 227 2759 quae
242 2681 261 2743 u
274 2682 383 2752 iaceres
396 2683 532 2757 quantiun
552 2684 635 2755 capit,
650 2674 792 2753 amphora
802 2689 881 2744 vini,

70 2761 302 2836 ³³0Hospitibus,
323 2762 390 2837 prol
412 2758 516 2837 quanta
530 2758 600 2815 rnihi
615 2750 772 2827 vindemia!
793 2746 908 2824 dicens;

121 2837 185 2915 lind
201 2835 285 2915 qudrrr
299 2835 413 2921 renuis,
428 2835 539 2902 dicam,
558 2829 671 2901 idolis
692 2839 800 2885 cernas.
889 2870 894 2879 .

158 2993 211 3050 Es
231 2965 298 3067 cur,
322 2962 480 3048 n'numero
497 2976 697 3049 fontinidus,
721 2975 838 3040 volebas
925 2966 929 2975 ¹
959 2962 963 2969 ⁴

119 3066 232 3128 Semina
245 3064 379 3132 Mutetiae
395 3060 523 3140 Spurium
543 3071 719 3140 quocunqne
735 3072 900 3153 pererrent,
957 3128 1034 3199 Fini.
