2144 3502
226 127 444 201 Lrnun
500 122 901 189 securibus.
984 142 1023 207 ς,

58 260 205 323 'tstNauta
218 270 335 336 perenm
355 255 467 334 greisos¹
477 255 598 317 totidem
619 255 777 331 srmiiesque
791 256 927 331 proiedib

109 341 198 408 Sunt,
221 334 267 393 seu
285 334 361 393 navis
380 345 426 393 eut
442 334 574 411 propulsa
589 332 748 395 faventibus
763 332 878 402 austris,
968 374 976 387 .

19 444 24 451 1
109 417 168 474 Seu
181 421 294 487 maneat
306 407 401 482 deses,
423 408 469 469 seu
482 421 666 489 convertetur
683 410 714 468 in
735 410 846 469 orbem.
970 450 974 459 -

110 489 158 550 Ad
178 485 389 563 navimareferus
410 485 532 561 greffus;
551 485 614 545 sunt
626 487 709 545 unior
723 500 824 544 omnes
1002 518 1046 553 .,

112 560 265 632 Mensure‚
286 563 391 637 pariter
408 563 570 637 procedunt
589 562 689 621 ordine
705 562 798 638 redo:
881 617 884 623 ,
990 568 994 573 ·
1018 566 1025 575 ·

59 656 105 709 ςσο
115 637 157 698 nd
179 637 290 714 pelagus
304 636 426 703 referam
445 654 520 696 nunc
534 637 616 708 redii,
636 654 711 696 nunc
726 653 845 712 quoque
860 640 954 711 mirol,

111 713 236 779 Nunc&
256 712 412 788 producti..
428 729 504 771 nunc
519 712 681 789 retrogradi
695 711 749 771 effe
770 714 910 774 videntur.
970 750 976 789 :

110 782 193 870 and
208 788 226 846 sr
241 802 376 878 preterea
388 788 508 849 Terram
527 800 558 847 tu
578 807 640 853 rere
654 791 780 860 moveri,

111 868 193 926 'l'unc
212 864 278 922 abas
294 864 349 922 iliis
369 861 509 922 mensuras
525 877 610 939 atque
625 866 726 939 figuras

110 942 264 1000 Attribues.
284 938 393 999 Verium
408 940 466 998 stne
478 953 522 999 tot
536 941 723 1015 respectibus,
743 941 826 1011 illos,

58 1030 98 1081 5⁶5
109 1018 213 1097 Quales
234 1031 319 1074 nauta
334 1030 425 1087 creat,
446 1017 515 1074 tales
531 1017 701 1091 cognoscere
721 1030 864 1091 promtum
879 1016 930 1077 est.

105 1093 158 1166 Nil
173 1094 258 1168 igitur
271 1091 390 1168 spatium
402 1090 490 1153 refert
506 1092 652 1152 immobile
670 1090 753 1169 poni.

144 1247 220 1323 Jurr,
238 1243 291 1302 tibi
306 1256 483 1321 compertum
499 1243 552 1315 est,
573 1236 753 1320 quid'lnanb
767 1243 1016 1309 neminemnam

108 1321 258 1401 signetur:
277 1337 380 1397 nempe
395 1321 435 1380 est
453 1319 577 1380 absentia
593 1320 722 1394 corporis
739 1321 851 1395 omnis,

110 1399 201 1476 Quam
220 1394 268 1455 fibi
287 1394 430 1474 Phantosroe
446 1396 525 1472 fingit
542 1396 652 1455 fallacia
663 1396 780 1460 nostrae;

56 1489 101 1531 570
112 1475 194 1531 Mens
210 1476 323 1548 quoties
340 1490 400 1533 non
419 1489 502 1545 rem,
521 1471 567 1530 sed
585 1487 680 1531 rerum
697 1470 813 1546 'prorsus
826 1471 924 1535 inanes

110 1548 308 1624 contemplata
321 1547 425 1609 modos
462 1549 516 1606 uni
529 1547 556 1606 in
576 1547 686 1605 ratione
702 1560 829 1608 moratur
967 1548 973 1556 '

107 1624 239 1690 Extensr3
260 1643 319 1685 non
340 1593 484 1695 extendunt¹
503 1622 659 1682 considerat
672 1622 776 1697 ipsum:

106 1699 192 1760 Haud
213 1699 293 1760 secus
310 1719 344 1759 ac
357 1716 508 1773 numeros,
528 1698 555 1757 dc
575 1696 671 1757 seniinr
686 1696 771 1757 lablie
787 1706 915 1777 tempus3

108 1774 197 1853 Queis
219 1792 278 1834 non
298 1775 355 1834 ulla
369 1776 586 1849 vigetnatura,
606 1789 659 1831 nec
673 1772 730 1831 ulla
745 1772 834 1841 subest
848 1793 904 1835 res.

56 1864 96 1908 επ
109 1849 179 1907 lnde
197 1850 385 1924 receptaclum
402 1849 505 1909 cunctis
519 1850 657 1910 existimat
675 1847 751 1906 ultro
970 1917 974 1923 Ι

109 1926 287 1996 Corporibus
301 1942 451 1991 commune
463 1924 538 1997 dari,
561 1927 626 2000 quia
642 1923 710 1998 peri
725 1922 790 1995 icit,
808 1924 869 1986 illic
970 1972 974 1979 .

110 2001 199 2085 Nunc
211 1994 261 2056 ubi
281 2017 385 2077 corpus
403 1998 496 2073 adest,
517 2001 592 2061 aliud
611 1940 732 2076 potuiife
745 1998 856 2077 reponi.
912 2010 919 2067 j
960 2036 974 2055 ψ.

111 2075 251 2133 Nimirum
267 2074 335 2135 illud
356 2078 402 2135 ubi
413 2076 549 2137 secretum
563 2074 578 2134 d
591 2092 713 2151 corpore
726 2076 829 2157 quouis
896 2138 899 2144 ,
1002 2128 1007 2141 ,
1022 2148 1026 2153 ¹

110 2151 320 2229 Immotumque
334 2164 431 2227 putat,
452 2152 518 2223 dum
536 2168 659 2231 corpora
678 2152 775 2210 cuneta
790 2163 955 2215 moventur.

56 2229 101 2280 5⁸0
110 2229 258 2307 Tanquam
274 2222 406 2290 debuerit
420 2229 583 2289 Fabricator
598 2227 724 2287 strenuus
742 2224 827 2286 Orbis
878 2300 880 2305 Α

139 2320 241 2361 uaerere
255 2302 403 2382 ponendis'
414 2303 477 2363 loca
492 2302 613 2381 primum
630 2302 781 2363 commoda
794 2304 897 2380 rebus,
967 2310 977 2379 '2

107 2382 145 2440 bt
165 2379 310 2438 statuenda
321 2379 398 2455 priir's
411 2378 496 2441 fuerit
511 2384 605 2441 rerum
622 2394 704 2448 areo,
720 2377 807 2455 ,quum
824 2399 880 2443 res.
962 2427 970 2436 .

108 2456 176 2514 Hoc
195 2456 312 2513 molitur
326 2473 398 2531 opus
415 2454 574 2526 iibi'mens,
596 2455 653 2513 hoc
665 2452 762 2516 astruit
775 2456 867 2514 Orbi:
945 2458 949 2465 '

46 2552 52 2558 ·
109 2532 174 2591 Nec
191 2548 285 2591 rerum
300 2531 380 2591 locus
396 2528 412 2589 d
427 2534 511 2591 rebus
530 2548 573 2590 rna
595 2529 778 2606 ediscrepat,
798 2532 806 2589 i
829 2528 854 2588 sa

58 2623 98 2672 ,ες
111 2606 200 2686 Quim
216 2607 318 2668 moles.
338 2607 412 2667 Suus
431 2606 500 2683 ergb
515 2548 644 2673 irbidunt
656 2622 778 2682 corpora
798 2548 926 2666 drudus:

112 2682 263 2755 Respectus
286 2699 345 2742 non
361 2698 405 2742 rer
421 2681 549 2757 spatium
566 2684 616 2743 est.
636 2682 683 2744 Sic
700 2680 819 2740 annulus
835 2682 929 2742 omnis

111 2756 235 2816 Possrdet
254 2759 282 2816 in
303 2756 401 2819 medio
415 2758 560 2835 proprium
576 2771 660 2836 atque
673 2754 825 2824 immobile·
839 2767 985 2833 centrum,

114 2832 229 2961 Semget
243 2832 334 2904 idem,
357 2833 464 2911 semper
478 2834 618 2907 medium,
637 2831 809 2911 quocunque
823 2830 939 2896 feratur.
971 2842 974 2849 '

114 2904 172 2983 Qui
209 2908 278 2966 verb
292 2908 332 2967 est
345 2922 473 2971 centrum
484 2910 563 2969 hoc?
581 2912 627 2972 An
642 2925 687 2969 res
701 2904 845 2982 estpriva‚
859 2911 1022 2987 quiescens,

11 2976 13 2978 ’
59 2980 168 3038 59⁰Per
187 2979 214 3037 se
231 2979 324 3042 stans?
342 2985 475 3049 Minime.
496 2987 591 3046 Locus
607 2985 647 3045 est
657 2984 673 3053 ‚¹
686 2999 746 3072 quo
762 2980 866 3046 ducere
881 2988 916 3047 ab
929 2987 981 3045 ori

112 3057 144 3120 Si
163 3055 260 3119 lubeat
274 3058 384 3135 radios„
405 3061 527 3138 equales
544 3059 731 3125 effevidebrs.
968 3114 970 3120 .
1007 3086 1010 3093 ·

394 3156 397 3161 ·
603 3140 607 3147 “
729 3135 758 3199 D
778 3153 795 3211 2
946 3131 1032 3189 uut-
