2144 3502
72 145 176 207 228,
236 134 817 205 Amul-nuculeum&
907 236 910 241 Ι

75 273 148 348 Quae
168 270 245 346 prius
261 276 386 349 accepit,
409 269 551 330 fimuiacru
571 271 705 332 iraerentia
723 270 830 330 servett

78 347 135 413 Vei
149 348 282 409 Mentem
295 362 453 414 externam,
473 361 535 420 quae
559 365 681 423 corpora
699 365 770 407 caeca
783 347 949 424 gubernans

38 422 203 485 uointernar
218 436 297 499 gerat
312 439 400 495 usque
417 422 504 500 vices.
523 423 596 480 Nam
611 422 752 498 quidquid
768 424 795 482 in
812 425 884 483 orbe
896 425 961 494 eit,

79 501 141 559 Aut
153 503 241 562 Mens
260 498 314 566 est,
334 511 383 555 aut
396 496 549 562 Materies,
571 511 620 555 aut
633 501 745 572 prorsus
766 499 886 559 inheret

78 576 237 643 Alterurri3
256 590 308 633 nec
328 573 377 644 qui
392 571 494 630 modus
514 571 554 630 eii
569 573 669 643 unius,
690 574 736 632 hic
751 577 808 636 eise

78 654 205 712 Alterius
223 647 343 725 poterit:
365 647 431 721 quia
450 646 556 708 scilicet
570 661 689 722 utraque
711 651 821 727 semper

79 723 314 804 insuperabilibus
330 719 482 800 sejungitur
495 724 663 784 intervallis.
711 742 713 747 ·

38 895 74 938 us
113 874 193 955 Jrn
211 872 433 936 veretrorum
453 875 474 934 sr
492 875 567 934 dicus
582 873 692 950 prorsus
714 873 800 933 inesse

80 954 132 1012 Nil
151 949 401 1025 nisrcorporeum,
425 970 475 1027 per
495 969 539 1010 me
555 951 635 1016 iicet3
656 964 684 1010 at
700 951 776 1009 simui
792 950 855 1025 ipsis

79 1027 207 1084 Norities
222 1023 249 1082 &
263 1044 344 1087 amor
363 1045 500 1103 mensque
520 1031 612 1087 omnis
627 1027 751 1087 tollitur:
772 1041 828 1083 una

79 1096 157 1158 Mire
171 1097 271 1162 strutia
284 1102 416 1180 quidem,
435 1103 535 1163 verium
551 1120 628 1175 mera
639 1105 767 1163 machina
786 1101 876 1160 restat.

81 1175 126 1235 An
142 1194 236 1249 mera,
259 1178 424 1249 succurras,
446 1181 505 1239 haec
525 1180 611 1239 edere
625 1183 753 1241 machina
770 1175 870 1256 possit,

38 1253 167 1327 monde
183 1256 236 1316 tibi
247 1259 352 1332 uupor
366 1271 450 1334 atque
465 1257 550 1328 mihi,
573 1257 650 1332 quod
667 1259 802 1336 pleraque
821 1255 896 1313 vires

78 1330 217 1391 Humane
238 1331 403 1408 exsuperant
423 1333 547 1391 mentis?
566 1337 613 1394 Tu
627 1335 749 1405 uideris,
770 1332 842 1391 Orbi

75 1407 134 1485 Qui
148 1410 249 1469 Vacuo
264 1422 348 1482 utque
362 1410 475 1468 Atomis
492 1407 531 1467 nii
551 1408 599 1468 das
618 1411 807 1485 prestantius:
827 1418 857 1465 nt
868 1424 925 1469 nos

108 1486 135 1543 ui
150 1487 266 1546 Numen
279 1501 373 1542 rerum
392 1483 498 1543 causam
514 1484 707 1560 artificemque
724 1486 861 1556 fatemur,

76 1553 157 1622 'luto
170 1561 355 1624 affirmamus,
376 1561 474 1618 euntia
488 1558 548 1619 haec
563 1562 687 1620 Ratione
704 1562 828 1636 supremo

38 1633 71 1685 ²⁶5
80 1638 222 1697 Confierit
241 1648 327 1709 atque
341 1633 431 1708 serus,
451 1635 615 1713 tegiturque
631 1641 686 1712 qus
699 1637 844 1707 Mundus,
868 1636 972 1702 eedem

77 1712 182 1771 Mente
194 1711 270 1785 regi,
291 1709 361 1769 taies
377 1728 439 1786 quae
453 1712 637 1772 concinnavit
651 1712 686 1771 ud
704 1714 768 1772 usus

75 1788 246 1858 Automate,
270 1783 297 1844 st
312 1798 368 1846 tum
383 1785 457 1846 ciara
471 1786 513 1847 sui
531 1804 716 1850 monumenta
729 1790 853 1866 reliquit.

73 1862 208 1922 Mentem
228 1863 298 1940 erge
313 1864 340 1923 in
360 1865 449 1923 brutis
464 1865 607 1941 proprium
621 1868 784 1944 perquirere
801 1881 904 1927 vanum
918 1870 973 1929 esi.

74 1939 179 2016 Arguit
196 1939 226 1996 in
245 1939 342 2012 fabro,
361 1956 420 2000 non
435 1941 464 2000 in
479 1941 505 2000 se
523 1943 651 2002 machina
665 1945 807 2004 Mentem.

38 2014 163 2078 nocens
183 2015 328 2093 pistrInum
347 2017 425 2075 renti
438 2017 486 2077 seu
503 2016 625 2077 fluminis
638 2021 701 2078 astu

44 2145 52 2179 Ι,
74 2093 208 2167 Mobile,
229 2093 423 2168 concorquue
439 2095 529 2154 molas
545 2095 684 2168 vertigine
705 2096 786 2155 voivi

71 2171 131 2250 Qui
147 2171 240 2242 videt,
260 2189 294 2231 ac
313 2170 452 2229 frumenta
473 2169 526 2228 teri
545 2169 719 2244 intercepta,
740 2169 891 2242 srmulque,

71 2246 199 2322 Sepofitt
218 2265 269 2323 per
283 2246 395 2304 subtiles
416 2245 553 2320 ferragine
568 2243 678 2311 causus,

74 2321 208 2381 Crescere
222 2319 388 2396 congeriem
402 2337 479 2396 purte
494 2319 644 2393 tenuisque
666 2318 777 2383 farine,

38 2399 112 2458 etEt
131 2394 192 2454 soio
212 2395 272 2454 hec
293 2411 382 2463 auree,
405 2397 451 2453 uei
467 2413 546 2470 nque
559 2393 725 2468 contingere
746 2390 822 2460 nisu,

72 2476 292 2533 Percontaretur
311 2469 429 2539 frustra,
448 2488 516 2529 num
536 2468 666 2527 machina
685 2467 818 2525 Mentem

70 2547 226 2618 Possideat,
249 2545 384 2622 quonium
400 2545 490 2604 cernit
501 2542 616 2618 uestigia
632 2543 752 2601 Mentis.

70 2625 118 2684 Sic
135 2624 246 2684 thecam
262 2621 426 2700 inspiciens,
446 2620 476 2676 in
494 2618 546 2695 qui
565 2619 621 2692 pila
635 2616 757 2696 penduiu
771 2633 885 2681 momen

40 2743 44 2761 r
71 2700 206 2759 Pondere
223 2701 326 2760 iibrato
338 2693 505 2755 moderatur
516 2694 636 2767 passibus
650 2693 755 2767 aequist

41 2776 311 2850 iomrritipiicesque
331 2781 407 2828 rotas
426 2770 549 2845 agitans,
573 2770 652 2829 veiut
673 2770 772 2829 aemuia
787 2772 869 2844 coeii,

72 2853 226 2922 Temporis
246 2844 337 2923 usque
351 2845 446 2918 fugem
464 2845 593 2908 revolute
607 2844 721 2923 cuspide
737 2846 839 2923 figuat3

70 2927 252 3000 Partiturque
273 2927 363 2993 diem,
385 2920 413 2980 ἂ
434 2921 533 2983 divisus
555 2923 661 2983 indicat
677 2923 778 2984 horas:

69 3007 205 3065 Mentem
220 3001 377 3062 inventoris
394 2999 472 3062 certe
491 2997 654 3061 laudabit&
670 3013 760 3062 artem

70 3081 281 3157 Consiliumque
299 3079 389 3151 fabri,
411 3076 492 3142 thece
506 3093 566 3161 nou
582 3087 687 3159 queret
702 3079 731 3142 in
747 3077 817 3157 ipsi:
891 3154 918 3234 Q

921 3173 985 3218 uuu-
