<?xml version="1.0" encoding="UTF-8"?>
<!DOCTYPE html PUBLIC "-//W3C//DTD XHTML 1.0 Transitional//EN"
    "http://www.w3.org/TR/xhtml1/DTD/xhtml1-transitional.dtd">
<html xmlns="http://www.w3.org/1999/xhtml" xml:lang="en" lang="en">
 <head>
  <title>
</title>
<meta http-equiv="Content-Type" content="text/html;charset=utf-8" />
  <meta name='ocr-system' content='tesseract 3.04.00' />
  <meta name='ocr-capabilities' content='ocr_page ocr_carea ocr_par ocr_line ocrx_word'/>
</head>
<body>
  <div class='ocr_page' id='page_1' title='image "./antilucretiussi00poligoog_0258.png"; bbox 0 0 2144 3502; ppageno 0'>
   <div class='ocr_carea' id='block_1_1' title="bbox 132 131 890 344">
    <p class='ocr_par' dir='ltr' id='par_1_1' title="bbox 132 131 890 344">
     <span class='ocr_line' id='line_1_1' title="bbox 134 131 877 198; baseline 0 -2"><span class='ocrx_word' id='word_1_1' title='bbox 134 146 192 196; x_wconf 77' lang='lat' dir='ltr'>ean</span> <span class='ocrx_word' id='word_1_2' title='bbox 303 131 877 198; x_wconf 74' lang='lat' dir='ltr'>Anni-annnnrus.</span> 
     </span>
     <span class='ocr_line' id='line_1_2' title="bbox 132 259 890 344; baseline 0.003 -20"><span class='ocrx_word' id='word_1_3' title='bbox 132 263 195 324; x_wconf 86' lang='lat' dir='ltr'>iliis</span> <span class='ocrx_word' id='word_1_4' title='bbox 210 278 272 340; x_wconf 83' lang='lat' dir='ltr'>qua</span> <span class='ocrx_word' id='word_1_5' title='bbox 288 259 394 324; x_wconf 69' lang='lat' dir='ltr'>summi</span> <span class='ocrx_word' id='word_1_6' title='bbox 408 264 518 340; x_wconf 86' lang='lat' dir='ltr'>stupida</span> <span class='ocrx_word' id='word_1_7' title='bbox 534 264 561 324; x_wconf 80' lang='lat' dir='ltr'>n</span> <span class='ocrx_word' id='word_1_8' title='bbox 581 267 734 344; x_wconf 81' lang='lat' dir='ltr'>spernenda</span> <span class='ocrx_word' id='word_1_9' title='bbox 747 267 890 327; x_wconf 84' lang='lat' dir='ltr'>videntur.</span> 
     </span>
    </p>
   </div>
   <div class='ocr_carea' id='block_1_2' title="bbox 20 412 1050 2841">
    <p class='ocr_par' dir='ltr' id='par_1_2' title="bbox 20 412 1050 2841">
     <span class='ocr_line' id='line_1_3' title="bbox 167 412 925 497; baseline 0.004 -22"><span class='ocrx_word' id='word_1_10' title='bbox 167 413 321 477; x_wconf 78' lang='lat' dir='ltr'>Nunnrs</span> <span class='ocrx_word' id='word_1_11' title='bbox 342 412 460 475; x_wconf 85' lang='lat' dir='ltr'>invideo</span> <span class='ocrx_word' id='word_1_12' title='bbox 477 429 615 485; x_wconf 87' lang='lat' dir='ltr'>mentem;</span> <span class='ocrx_word' id='word_1_13' title='bbox 636 419 671 478; x_wconf 86' lang='lat' dir='ltr'>da</span> <span class='ocrx_word' id='word_1_14' title='bbox 684 422 854 497; x_wconf 83' lang='lat' dir='ltr'><strong>quamlibet,</strong></span> <span class='ocrx_word' id='word_1_15' title='bbox 876 419 925 478; x_wconf 83' lang='lat' dir='ltr'>int</span> 
     </span>
     <span class='ocr_line' id='line_1_4' title="bbox 132 489 958 570; baseline 0.006 -18"><span class='ocrx_word' id='word_1_16' title='bbox 132 492 228 569; x_wconf 83' lang='lat' dir='ltr'>Lege,</span> <span class='ocrx_word' id='word_1_17' title='bbox 247 504 279 551; x_wconf 88' lang='lat' dir='ltr'>ut</span> <span class='ocrx_word' id='word_1_18' title='bbox 292 489 338 549; x_wconf 85' lang='lat' dir='ltr'>vel</span> <span class='ocrx_word' id='word_1_19' title='bbox 351 492 492 551; x_wconf 90' lang='lat' dir='ltr'>minimam</span> <span class='ocrx_word' id='word_1_20' title='bbox 507 494 665 552; x_wconf 66' lang='lat' dir='ltr'>confinium</span> <span class='ocrx_word' id='word_1_21' title='bbox 679 513 764 570; x_wconf 87' lang='lat' dir='ltr'>atque</span> <span class='ocrx_word' id='word_1_22' title='bbox 779 496 889 556; x_wconf 82' lang='lat' dir='ltr'>ordinis</span> <span class='ocrx_word' id='word_1_23' title='bbox 904 498 958 559; x_wconf 90' lang='lat' dir='ltr'>imi</span> 
     </span>
     <span class='ocr_line' id='line_1_5' title="bbox 78 567 837 645; baseline 0.012 -21"><span class='ocrx_word' id='word_1_24' title='bbox 78 568 274 644; x_wconf 66' lang='lat' dir='ltr'>‚congnoscas</span> <span class='ocrx_word' id='word_1_25' title='bbox 288 567 504 642; x_wconf 80' lang='lat' dir='ltr'>incorpoream,</span> <span class='ocrx_word' id='word_1_26' title='bbox 524 581 727 645; x_wconf 83' lang='lat' dir='ltr'>expertemque</span> <span class='ocrx_word' id='word_1_27' title='bbox 740 575 837 632; x_wconf 81' lang='lat' dir='ltr'>ruinae.</span> 
     </span>
     <span class='ocr_line' id='line_1_6' title="bbox 131 643 946 720; baseline 0.005 -16"><span class='ocrx_word' id='word_1_28' title='bbox 131 645 233 705; x_wconf 89' lang='lat' dir='ltr'>Sensus</span> <span class='ocrx_word' id='word_1_29' title='bbox 247 643 322 703; x_wconf 85' lang='lat' dir='ltr'>eninr</span> <span class='ocrx_word' id='word_1_30' title='bbox 335 658 415 701; x_wconf 90' lang='lat' dir='ltr'>mens</span> <span class='ocrx_word' id='word_1_31' title='bbox 430 643 470 703; x_wconf 85' lang='lat' dir='ltr'>eii</span> <span class='ocrx_word' id='word_1_32' title='bbox 487 660 537 720; x_wconf 86' lang='lat' dir='ltr'>per</span> <span class='ocrx_word' id='word_1_33' title='bbox 554 660 657 720; x_wconf 84' lang='lat' dir='ltr'>corpus</span> <span class='ocrx_word' id='word_1_34' title='bbox 670 662 791 718; x_wconf 88' lang='lat' dir='ltr'>corpora</span> <span class='ocrx_word' id='word_1_35' title='bbox 804 648 946 717; x_wconf 81' lang='lat' dir='ltr'>noscens;</span> 
     </span>
     <span class='ocr_line' id='line_1_7' title="bbox 130 719 937 797; baseline 0.005 -18"><span class='ocrx_word' id='word_1_36' title='bbox 130 721 173 779; x_wconf 83' lang='lat' dir='ltr'>Ac</span> <span class='ocrx_word' id='word_1_37' title='bbox 189 734 287 797; x_wconf 83' lang='lat' dir='ltr'>praeter</span> <span class='ocrx_word' id='word_1_38' title='bbox 301 733 440 790; x_wconf 89' lang='lat' dir='ltr'>mentem,</span> <span class='ocrx_word' id='word_1_39' title='bbox 463 722 504 780; x_wconf 85' lang='lat' dir='ltr'>nii</span> <span class='ocrx_word' id='word_1_40' title='bbox 521 721 650 790; x_wconf 88' lang='lat' dir='ltr'>noscere,</span> <span class='ocrx_word' id='word_1_41' title='bbox 668 720 709 777; x_wconf 83' lang='lat' dir='ltr'>&#39;nii</span> <span class='ocrx_word' id='word_1_42' title='bbox 725 719 792 777; x_wconf 85' lang='lat' dir='ltr'>dare</span> <span class='ocrx_word' id='word_1_43' title='bbox 806 734 937 795; x_wconf 87' lang='lat' dir='ltr'>motum,</span> 
     </span>
     <span class='ocr_line' id='line_1_8' title="bbox 22 794 955 872; baseline 0.006 -17"><span class='ocrx_word' id='word_1_44' title='bbox 22 816 30 831; x_wconf 67' lang='lat'>,</span> <span class='ocrx_word' id='word_1_45' title='bbox 130 797 184 856; x_wconf 81' lang='lat' dir='ltr'>Nil</span> <span class='ocrx_word' id='word_1_46' title='bbox 202 810 250 855; x_wconf 90' lang='lat' dir='ltr'>aut</span> <span class='ocrx_word' id='word_1_47' title='bbox 265 794 340 855; x_wconf 89' lang='lat' dir='ltr'>velle</span> <span class='ocrx_word' id='word_1_48' title='bbox 359 797 469 872; x_wconf 85' lang='lat' dir='ltr'>potest,</span> <span class='ocrx_word' id='word_1_49' title='bbox 489 809 536 857; x_wconf 86' lang='lat' dir='ltr'>aut</span> <span class='ocrx_word' id='word_1_50' title='bbox 548 798 634 858; x_wconf 83' lang='lat' dir='ltr'>nolle.</span> <span class='ocrx_word' id='word_1_51' title='bbox 653 795 741 856; x_wconf 84' lang='lat' dir='ltr'>Satis·</span> <span class='ocrx_word' id='word_1_52' title='bbox 754 811 791 852; x_wconf 90' lang='lat' dir='ltr'>ne</span> <span class='ocrx_word' id='word_1_53' title='bbox 806 799 955 869; x_wconf 71' lang='lat' dir='ltr'>probavit</span> 
     </span>
     <span class='ocr_line' id='line_1_9' title="bbox 131 870 832 949; baseline -0.003 -19"><span class='ocrx_word' id='word_1_54' title='bbox 131 873 271 931; x_wconf 81' lang='lat' dir='ltr'>Materies</span> <span class='ocrx_word' id='word_1_55' title='bbox 287 870 366 949; x_wconf 87' lang='lat' dir='ltr'>super</span> <span class='ocrx_word' id='word_1_56' title='bbox 381 873 532 949; x_wconf 82' lang='lat' dir='ltr'>ingenitam</span> <span class='ocrx_word' id='word_1_57' title='bbox 546 874 573 933; x_wconf 93' lang='lat' dir='ltr'>se</span> <span class='ocrx_word' id='word_1_58' title='bbox 587 871 715 934; x_wconf 83' lang='lat' dir='ltr'>sttoiiere</span> <span class='ocrx_word' id='word_1_59' title='bbox 729 870 832 929; x_wconf 90' lang='lat' dir='ltr'>sortem</span> 
     </span>
     <span class='ocr_line' id='line_1_10' title="bbox 78 944 884 1027; baseline 0.001 -24"><span class='ocrx_word' id='word_1_60' title='bbox 78 949 121 1003; x_wconf 73' lang='lat'>9⁴5</span> <span class='ocrx_word' id='word_1_61' title='bbox 131 949 201 1006; x_wconf 91' lang='lat' dir='ltr'>Non</span> <span class='ocrx_word' id='word_1_62' title='bbox 216 949 310 1019; x_wconf 85' lang='lat' dir='ltr'>vaiet,</span> <span class='ocrx_word' id='word_1_63' title='bbox 329 959 378 1007; x_wconf 92' lang='lat' dir='ltr'>aut</span> <span class='ocrx_word' id='word_1_64' title='bbox 399 952 504 1008; x_wconf 83' lang='lat' dir='ltr'>mentis</span> <span class='ocrx_word' id='word_1_65' title='bbox 514 952 644 1027; x_wconf 88' lang='lat' dir='ltr'>proprios</span> <span class='ocrx_word' id='word_1_66' title='bbox 657 947 788 1007; x_wconf 85' lang='lat' dir='ltr'>invadere</span> <span class='ocrx_word' id='word_1_67' title='bbox 803 944 884 1004; x_wconf 84' lang='lat' dir='ltr'>fines.</span> 
     </span>
     <span class='ocr_line' id='line_1_11' title="bbox 131 1020 880 1096; baseline -0.009 -13"><span class='ocrx_word' id='word_1_68' title='bbox 131 1024 219 1083; x_wconf 88' lang='lat' dir='ltr'>Mens</span> <span class='ocrx_word' id='word_1_69' title='bbox 234 1026 326 1084; x_wconf 88' lang='lat' dir='ltr'>omnis</span> <span class='ocrx_word' id='word_1_70' title='bbox 346 1041 425 1084; x_wconf 89' lang='lat' dir='ltr'>mens</span> <span class='ocrx_word' id='word_1_71' title='bbox 440 1025 496 1096; x_wconf 70' lang='lat' dir='ltr'>est,</span> <span class='ocrx_word' id='word_1_72' title='bbox 516 1024 573 1086; x_wconf 83' lang='lat' dir='ltr'>five</span> <span class='ocrx_word' id='word_1_73' title='bbox 586 1026 623 1086; x_wconf 90' lang='lat' dir='ltr'>ad</span> <span class='ocrx_word' id='word_1_74' title='bbox 636 1024 759 1084; x_wconf 85' lang='lat' dir='ltr'>sublimia</span> <span class='ocrx_word' id='word_1_75' title='bbox 772 1020 880 1093; x_wconf 89' lang='lat' dir='ltr'>tendit,</span> 
     </span>
     <span class='ocr_line' id='line_1_12' title="bbox 134 1099 869 1179; baseline -0.004 -21"><span class='ocrx_word' id='word_1_76' title='bbox 134 1099 201 1158; x_wconf 83' lang='lat' dir='ltr'>Sive</span> <span class='ocrx_word' id='word_1_77' title='bbox 221 1114 346 1161; x_wconf 86' lang='lat' dir='ltr'>moratur</span> <span class='ocrx_word' id='word_1_78' title='bbox 358 1103 386 1159; x_wconf 92' lang='lat' dir='ltr'>in</span> <span class='ocrx_word' id='word_1_79' title='bbox 402 1103 527 1179; x_wconf 79' lang='lat' dir='ltr'>exiguis,</span> <span class='ocrx_word' id='word_1_80' title='bbox 548 1101 703 1163; x_wconf 83' lang='lat' dir='ltr'>muitrimve</span> <span class='ocrx_word' id='word_1_81' title='bbox 742 1114 869 1165; x_wconf 84' lang='lat' dir='ltr'>rrumve,</span> 
     </span>
     <span class='ocr_line' id='line_1_13' title="bbox 132 1170 1050 1251; baseline 0 -16"><span class='ocrx_word' id='word_1_82' title='bbox 132 1177 189 1235; x_wconf 85' lang='lat' dir='ltr'>Seu</span> <span class='ocrx_word' id='word_1_83' title='bbox 204 1175 292 1247; x_wconf 77' lang='lat' dir='ltr'>maid,</span> <span class='ocrx_word' id='word_1_84' title='bbox 312 1176 360 1235; x_wconf 94' lang='lat' dir='ltr'>seu</span> <span class='ocrx_word' id='word_1_85' title='bbox 380 1179 469 1248; x_wconf 86' lang='lat' dir='ltr'>bene,</span> <span class='ocrx_word' id='word_1_86' title='bbox 491 1178 538 1238; x_wconf 90' lang='lat' dir='ltr'>seu</span> <span class='ocrx_word' id='word_1_87' title='bbox 552 1179 653 1239; x_wconf 82' lang='lat' dir='ltr'>melius</span> <span class='ocrx_word' id='word_1_88' title='bbox 668 1176 822 1251; x_wconf 88' lang='lat' dir='ltr'>meirsrsque</span> <span class='ocrx_word' id='word_1_89' title='bbox 836 1170 987 1248; x_wconf 87' lang='lat' dir='ltr'>gradatim.</span> <span class='ocrx_word' id='word_1_90' title='bbox 1048 1228 1050 1237; x_wconf 90' lang='lat'><em>.</em></span> 
     </span>
     <span class='ocr_line' id='line_1_14' title="bbox 128 1248 958 1329; baseline -0.001 -19"><span class='ocrx_word' id='word_1_91' title='bbox 128 1252 259 1329; x_wconf 84' lang='lat' dir='ltr'>Namque</span> <span class='ocrx_word' id='word_1_92' title='bbox 276 1253 334 1327; x_wconf 86' lang='lat' dir='ltr'>agit</span> <span class='ocrx_word' id='word_1_93' title='bbox 344 1254 533 1323; x_wconf 87' lang='lat' dir='ltr'>omnimodis,</span> <span class='ocrx_word' id='word_1_94' title='bbox 553 1252 718 1328; x_wconf 84' lang='lat' dir='ltr'>diversaque</span> <span class='ocrx_word' id='word_1_95' title='bbox 734 1251 849 1312; x_wconf 88' lang='lat' dir='ltr'>nomina</span> <span class='ocrx_word' id='word_1_96' title='bbox 860 1248 958 1322; x_wconf 91' lang='lat' dir='ltr'>sumit,</span> 
     </span>
     <span class='ocr_line' id='line_1_15' title="bbox 77 1326 879 1396; baseline -0.004 -9"><span class='ocrx_word' id='word_1_97' title='bbox 77 1326 204 1387; x_wconf 78' lang='lat' dir='ltr'>⁹⁷⁰Cirm</span> <span class='ocrx_word' id='word_1_98' title='bbox 219 1327 325 1386; x_wconf 88' lang='lat' dir='ltr'>diversa</span> <span class='ocrx_word' id='word_1_99' title='bbox 339 1327 417 1386; x_wconf 87' lang='lat' dir='ltr'>facit.</span> <span class='ocrx_word' id='word_1_100' title='bbox 442 1328 557 1387; x_wconf 86' lang='lat' dir='ltr'>Scuriun</span> <span class='ocrx_word' id='word_1_101' title='bbox 573 1328 649 1387; x_wconf 91' lang='lat' dir='ltr'>illam</span> <span class='ocrx_word' id='word_1_102' title='bbox 663 1329 879 1396; x_wconf 78' lang='lat' dir='ltr'>nominitamus,</span> 
     </span>
     <span class='ocr_line' id='line_1_16' title="bbox 129 1401 856 1476; baseline -0.007 -11"><span class='ocrx_word' id='word_1_103' title='bbox 129 1405 189 1465; x_wconf 90' lang='lat' dir='ltr'>Res</span> <span class='ocrx_word' id='word_1_104' title='bbox 206 1403 254 1463; x_wconf 89' lang='lat' dir='ltr'>ubi</span> <span class='ocrx_word' id='word_1_105' title='bbox 266 1418 418 1475; x_wconf 86' lang='lat' dir='ltr'>corporeas</span> <span class='ocrx_word' id='word_1_106' title='bbox 431 1402 560 1460; x_wconf 74' lang='lat' dir='ltr'>instructa</span> <span class='ocrx_word' id='word_1_107' title='bbox 578 1418 629 1475; x_wconf 92' lang='lat' dir='ltr'>per</span> <span class='ocrx_word' id='word_1_108' title='bbox 643 1420 747 1476; x_wconf 84' lang='lat' dir='ltr'>organa</span> <span class='ocrx_word' id='word_1_109' title='bbox 764 1401 856 1462; x_wconf 91' lang='lat' dir='ltr'>noscit</span> 
     </span>
     <span class='ocr_line' id='line_1_17' title="bbox 130 1475 838 1552; baseline -0.008 -12"><span class='ocrx_word' id='word_1_110' title='bbox 130 1480 278 1552; x_wconf 75' lang='lat' dir='ltr'>objectas,</span> <span class='ocrx_word' id='word_1_111' title='bbox 298 1476 325 1534; x_wconf 85' lang='lat' dir='ltr'>dt</span> <span class='ocrx_word' id='word_1_112' title='bbox 344 1477 470 1534; x_wconf 85' lang='lat' dir='ltr'>membra</span> <span class='ocrx_word' id='word_1_113' title='bbox 485 1475 534 1532; x_wconf 83' lang='lat' dir='ltr'>nbi</span> <span class='ocrx_word' id='word_1_114' title='bbox 549 1476 652 1533; x_wconf 88' lang='lat' dir='ltr'>sociata</span> <span class='ocrx_word' id='word_1_115' title='bbox 666 1492 838 1535; x_wconf 88' lang='lat' dir='ltr'>moventes:</span> 
     </span>
     <span class='ocr_line' id='line_1_18' title="bbox 20 1547 811 1625; baseline -0.004 -14"><span class='ocrx_word' id='word_1_116' title='bbox 20 1613 23 1616; x_wconf 9' lang='grc' dir='ltr'><em>Δ</em></span> <span class='ocrx_word' id='word_1_117' title='bbox 130 1548 296 1625; x_wconf 76' lang='lat' dir='ltr'>Phantafiem</span> <span class='ocrx_word' id='word_1_118' title='bbox 309 1550 394 1617; x_wconf 82' lang='lat' dir='ltr'>vero,</span> <span class='ocrx_word' id='word_1_119' title='bbox 414 1549 529 1624; x_wconf 91' lang='lat' dir='ltr'>quando</span> <span class='ocrx_word' id='word_1_120' title='bbox 542 1547 683 1606; x_wconf 83' lang='lat' dir='ltr'>fimuiacra</span> <span class='ocrx_word' id='word_1_121' title='bbox 695 1551 811 1624; x_wconf 87' lang='lat' dir='ltr'>capeffit</span> 
     </span>
     <span class='ocr_line' id='line_1_19' title="bbox 132 1622 852 1701; baseline 0.001 -19"><span class='ocrx_word' id='word_1_122' title='bbox 132 1630 157 1687; x_wconf 85' lang='lat' dir='ltr'>A</span> <span class='ocrx_word' id='word_1_123' title='bbox 179 1622 334 1701; x_wconf 87' lang='lat' dir='ltr'>prendens,</span> <span class='ocrx_word' id='word_1_124' title='bbox 354 1623 429 1683; x_wconf 86' lang='lat' dir='ltr'>fibris</span> <span class='ocrx_word' id='word_1_125' title='bbox 447 1622 502 1683; x_wconf 77' lang='lat' dir='ltr'>alte</span> <span class='ocrx_word' id='word_1_126' title='bbox 517 1623 623 1681; x_wconf 89' lang='lat' dir='ltr'>conseri</span> <span class='ocrx_word' id='word_1_127' title='bbox 645 1636 673 1682; x_wconf 88' lang='lat' dir='ltr'>ta</span> <span class='ocrx_word' id='word_1_128' title='bbox 686 1623 852 1698; x_wconf 87' lang='lat' dir='ltr'>profundis:</span> 
     </span>
     <span class='ocr_line' id='line_1_20' title="bbox 80 1646 822 1776; baseline -0.004 -15"><span class='ocrx_word' id='word_1_129' title='bbox 80 1646 196 1761; x_wconf 58' lang='lat' dir='ltr'>mvsin</span> <span class='ocrx_word' id='word_1_130' title='bbox 208 1699 420 1771; x_wconf 86' lang='lat' dir='ltr'>reminiscendi,</span> <span class='ocrx_word' id='word_1_131' title='bbox 442 1700 555 1776; x_wconf 90' lang='lat' dir='ltr'>quoties</span> <span class='ocrx_word' id='word_1_132' title='bbox 576 1715 612 1758; x_wconf 92' lang='lat' dir='ltr'>ve</span> <span class='ocrx_word' id='word_1_133' title='bbox 637 1700 691 1774; x_wconf 86' lang='lat' dir='ltr'>igia</span> <span class='ocrx_word' id='word_1_134' title='bbox 711 1715 822 1770; x_wconf 89' lang='lat' dir='ltr'>rerum,</span> 
     </span>
     <span class='ocr_line' id='line_1_21' title="bbox 160 1773 1026 1858; baseline 0.001 -24"><span class='ocrx_word' id='word_1_135' title='bbox 160 1793 200 1834; x_wconf 83' lang='lat' dir='ltr'>uae</span> <span class='ocrx_word' id='word_1_136' title='bbox 220 1774 292 1835; x_wconf 89' lang='lat' dir='ltr'>susce</span> <span class='ocrx_word' id='word_1_137' title='bbox 314 1787 341 1836; x_wconf 91' lang='lat' dir='ltr'>ta</span> <span class='ocrx_word' id='word_1_138' title='bbox 361 1775 456 1851; x_wconf 88' lang='lat' dir='ltr'>priirs,</span> <span class='ocrx_word' id='word_1_139' title='bbox 476 1778 651 1853; x_wconf 85' lang='lat' dir='ltr'>cerebroque</span> <span class='ocrx_word' id='word_1_140' title='bbox 671 1774 809 1850; x_wconf 88' lang='lat' dir='ltr'>insculpta</span> <span class='ocrx_word' id='word_1_141' title='bbox 822 1773 975 1858; x_wconf 86' lang='lat' dir='ltr'>sedebant,</span> <span class='ocrx_word' id='word_1_142' title='bbox 1023 1828 1026 1835; x_wconf 94' lang='lat'><em>.</em></span> 
     </span>
     <span class='ocr_line' id='line_1_22' title="bbox 158 1794 947 1930; baseline 0.005 -19"><span class='ocrx_word' id='word_1_143' title='bbox 158 1851 259 1912; x_wconf 81' lang='lat' dir='ltr'>andern</span> <span class='ocrx_word' id='word_1_144' title='bbox 273 1794 370 1930; x_wconf 53' lang='lat' dir='ltr'>adquo</span> <span class='ocrx_word' id='word_1_145' title='bbox 384 1865 517 1913; x_wconf 89' lang='lat' dir='ltr'>revocata</span> <span class='ocrx_word' id='word_1_146' title='bbox 529 1851 618 1912; x_wconf 88' lang='lat' dir='ltr'>modo</span> <span class='ocrx_word' id='word_1_147' title='bbox 631 1861 825 1927; x_wconf 88' lang='lat' dir='ltr'>renovataque</span> <span class='ocrx_word' id='word_1_148' title='bbox 837 1854 947 1919; x_wconf 86' lang='lat' dir='ltr'>rursum</span> 
     </span>
     <span class='ocr_line' id='line_1_23' title="bbox 127 1926 942 2009; baseline -0.001 -17"><span class='ocrx_word' id='word_1_149' title='bbox 127 1930 294 2001; x_wconf 88' lang='lat' dir='ltr'>Periustrat,</span> <span class='ocrx_word' id='word_1_150' title='bbox 313 1947 389 2006; x_wconf 78' lang='lat' dir='ltr'>gaze</span> <span class='ocrx_word' id='word_1_151' title='bbox 402 1928 530 2003; x_wconf 86' lang='lat' dir='ltr'>relegens</span> <span class='ocrx_word' id='word_1_152' title='bbox 549 1940 733 1988; x_wconf 88' lang='lat' dir='ltr'>monumenta</span> <span class='ocrx_word' id='word_1_153' title='bbox 752 1926 883 1991; x_wconf 77' lang='lat' dir='ltr'>vetuste:</span> <span class='ocrx_word' id='word_1_154' title='bbox 934 1996 942 2009; x_wconf 52' lang='grc'><strong>,</strong></span> 
     </span>
     <span class='ocr_line' id='line_1_24' title="bbox 129 2002 760 2079; baseline -0.003 -13"><span class='ocrx_word' id='word_1_155' title='bbox 129 2007 304 2066; x_wconf 80' lang='lat' dir='ltr'>intellesium</span> <span class='ocrx_word' id='word_1_156' title='bbox 319 2006 410 2074; x_wconf 78' lang='lat' dir='ltr'>adeo,</span> <span class='ocrx_word' id='word_1_157' title='bbox 429 2002 494 2063; x_wconf 78' lang='lat' dir='ltr'>cium</span> <span class='ocrx_word' id='word_1_158' title='bbox 507 2004 555 2063; x_wconf 85' lang='lat' dir='ltr'>caii</span> <span class='ocrx_word' id='word_1_159' title='bbox 569 2007 696 2079; x_wconf 84' lang='lat' dir='ltr'>corporis</span> <span class='ocrx_word' id='word_1_160' title='bbox 712 2003 760 2064; x_wconf 81' lang='lat' dir='ltr'>usa</span> 
     </span>
     <span class='ocr_line' id='line_1_25' title="bbox 78 2078 790 2155; baseline -0.001 -12"><span class='ocrx_word' id='word_1_161' title='bbox 78 2083 275 2155; x_wconf 62' lang='lat' dir='ltr'>neSubfidim</span> <span class='ocrx_word' id='word_1_162' title='bbox 297 2081 341 2141; x_wconf 84' lang='lat' dir='ltr'>vei</span> <span class='ocrx_word' id='word_1_163' title='bbox 362 2096 514 2155; x_wconf 85' lang='lat' dir='ltr'>corporeas</span> <span class='ocrx_word' id='word_1_164' title='bbox 527 2078 663 2154; x_wconf 82' lang='lat' dir='ltr'>assurgere</span> <span class='ocrx_word' id='word_1_165' title='bbox 678 2091 790 2155; x_wconf 77' lang='lat' dir='ltr'>promta</span> 
     </span>
     <span class='ocr_line' id='line_1_26' title="bbox 130 2155 855 2236; baseline -0.004 -15"><span class='ocrx_word' id='word_1_166' title='bbox 130 2162 247 2236; x_wconf 87' lang='lat' dir='ltr'>Effigies</span> <span class='ocrx_word' id='word_1_167' title='bbox 261 2160 360 2236; x_wconf 88' lang='lat' dir='ltr'>super,</span> <span class='ocrx_word' id='word_1_168' title='bbox 381 2156 521 2232; x_wconf 88' lang='lat' dir='ltr'>ingenitos</span> <span class='ocrx_word' id='word_1_169' title='bbox 536 2155 563 2214; x_wconf 89' lang='lat' dir='ltr'>se</span> <span class='ocrx_word' id='word_1_170' title='bbox 576 2157 696 2233; x_wconf 80' lang='lat' dir='ltr'>accingit</span> <span class='ocrx_word' id='word_1_171' title='bbox 709 2156 745 2217; x_wconf 84' lang='lat' dir='ltr'>ad</span> <span class='ocrx_word' id='word_1_172' title='bbox 758 2159 855 2225; x_wconf 81' lang='lat' dir='ltr'>ausus3</span> 
     </span>
     <span class='ocr_line' id='line_1_27' title="bbox 130 2231 886 2308; baseline -0.004 -11"><span class='ocrx_word' id='word_1_173' title='bbox 130 2240 170 2298; x_wconf 89' lang='lat' dir='ltr'>Et</span> <span class='ocrx_word' id='word_1_174' title='bbox 185 2236 335 2296; x_wconf 88' lang='lat' dir='ltr'>meditatur</span> <span class='ocrx_word' id='word_1_175' title='bbox 351 2250 435 2308; x_wconf 87' lang='lat' dir='ltr'>agens</span> <span class='ocrx_word' id='word_1_176' title='bbox 453 2231 633 2300; x_wconf 87' lang='lat' dir='ltr'>intrinsecus,</span> <span class='ocrx_word' id='word_1_177' title='bbox 654 2235 751 2293; x_wconf 81' lang='lat' dir='ltr'>omnia</span> <span class='ocrx_word' id='word_1_178' title='bbox 766 2236 886 2308; x_wconf 89' lang='lat' dir='ltr'>pendit,</span> 
     </span>
     <span class='ocr_line' id='line_1_28' title="bbox 128 2308 818 2446; baseline -0.004 -76"><span class='ocrx_word' id='word_1_179' title='bbox 128 2312 327 2446; x_wconf 50' lang='lat' dir='ltr'>krdiciumque</span> <span class='ocrx_word' id='word_1_180' title='bbox 342 2309 435 2369; x_wconf 88' lang='lat' dir='ltr'>ferens</span> <span class='ocrx_word' id='word_1_181' title='bbox 449 2319 674 2382; x_wconf 79' lang='lat' dir='ltr'>argumentatur,</span> <span class='ocrx_word' id='word_1_182' title='bbox 694 2308 818 2384; x_wconf 82' lang='lat' dir='ltr'>&amp;auget</span> 
     </span>
     <span class='ocr_line' id='line_1_29' title="bbox 161 2385 755 2463; baseline -0.003 -16"><span class='ocrx_word' id='word_1_183' title='bbox 161 2388 290 2455; x_wconf 88' lang='lat' dir='ltr'>otitiem,</span> <span class='ocrx_word' id='word_1_184' title='bbox 312 2385 434 2444; x_wconf 86' lang='lat' dir='ltr'>innotis</span> <span class='ocrx_word' id='word_1_185' title='bbox 454 2385 540 2445; x_wconf 89' lang='lat' dir='ltr'>solers</span> <span class='ocrx_word' id='word_1_186' title='bbox 558 2386 654 2463; x_wconf 84' lang='lat' dir='ltr'>ignota</span> <span class='ocrx_word' id='word_1_187' title='bbox 667 2386 755 2459; x_wconf 65' lang='lat' dir='ltr'>tueris</span> 
     </span>
     <span class='ocr_line' id='line_1_30' title="bbox 79 2460 893 2537; baseline 0.004 -18"><span class='ocrx_word' id='word_1_188' title='bbox 79 2462 198 2523; x_wconf 72' lang='lat' dir='ltr'>strinde</span> <span class='ocrx_word' id='word_1_189' title='bbox 216 2462 408 2531; x_wconf 83' lang='lat' dir='ltr'>voluntatem,</span> <span class='ocrx_word' id='word_1_190' title='bbox 428 2461 494 2521; x_wconf 89' lang='lat' dir='ltr'>duur</span> <span class='ocrx_word' id='word_1_191' title='bbox 513 2462 567 2520; x_wconf 83' lang='lat' dir='ltr'>iilis</span> <span class='ocrx_word' id='word_1_192' title='bbox 588 2461 616 2520; x_wconf 86' lang='lat' dir='ltr'>se</span> <span class='ocrx_word' id='word_1_193' title='bbox 634 2460 786 2537; x_wconf 83' lang='lat' dir='ltr'>adjungere</span> <span class='ocrx_word' id='word_1_194' title='bbox 803 2473 893 2522; x_wconf 88' lang='lat' dir='ltr'>certat</span> 
     </span>
     <span class='ocr_line' id='line_1_31' title="bbox 129 2535 864 2623; baseline -0.005 -24"><span class='ocrx_word' id='word_1_195' title='bbox 129 2543 200 2623; x_wconf 81' lang='lat' dir='ltr'>Quae</span> <span class='ocrx_word' id='word_1_196' title='bbox 217 2540 293 2598; x_wconf 85' lang='lat' dir='ltr'>bona</span> <span class='ocrx_word' id='word_1_197' title='bbox 307 2536 363 2596; x_wconf 90' lang='lat' dir='ltr'>visa</span> <span class='ocrx_word' id='word_1_198' title='bbox 377 2537 439 2605; x_wconf 90' lang='lat' dir='ltr'>srbi;</span> <span class='ocrx_word' id='word_1_199' title='bbox 459 2537 505 2595; x_wconf 90' lang='lat' dir='ltr'>vel</span> <span class='ocrx_word' id='word_1_200' title='bbox 520 2538 547 2596; x_wconf 94' lang='lat' dir='ltr'>se</span> <span class='ocrx_word' id='word_1_201' title='bbox 561 2536 639 2610; x_wconf 91' lang='lat' dir='ltr'>cupit</span> <span class='ocrx_word' id='word_1_202' title='bbox 658 2535 712 2594; x_wconf 86' lang='lat' dir='ltr'>esse</span> <span class='ocrx_word' id='word_1_203' title='bbox 728 2551 864 2597; x_wconf 90' lang='lat' dir='ltr'>remotam</span> 
     </span>
     <span class='ocr_line' id='line_1_32' title="bbox 128 2610 925 2690; baseline -0.004 -13"><span class='ocrx_word' id='word_1_204' title='bbox 128 2616 245 2678; x_wconf 84' lang='lat' dir='ltr'>Prorsus</span> <span class='ocrx_word' id='word_1_205' title='bbox 265 2616 299 2673; x_wconf 85' lang='lat' dir='ltr'>ab</span> <span class='ocrx_word' id='word_1_206' title='bbox 319 2614 438 2690; x_wconf 87' lang='lat' dir='ltr'>hisquae</span> <span class='ocrx_word' id='word_1_207' title='bbox 457 2611 533 2671; x_wconf 76' lang='lat' dir='ltr'>sorte</span> <span class='ocrx_word' id='word_1_208' title='bbox 551 2613 618 2669; x_wconf 88' lang='lat' dir='ltr'>maii</span> <span class='ocrx_word' id='word_1_209' title='bbox 633 2612 681 2670; x_wconf 93' lang='lat' dir='ltr'>sub</span> <span class='ocrx_word' id='word_1_210' title='bbox 699 2614 819 2689; x_wconf 90' lang='lat' dir='ltr'>imagine</span> <span class='ocrx_word' id='word_1_211' title='bbox 836 2610 925 2674; x_wconf 83' lang='lat' dir='ltr'>senfit.</span> 
     </span>
     <span class='ocr_line' id='line_1_33' title="bbox 130 2688 971 2771; baseline -0.004 -19"><span class='ocrx_word' id='word_1_212' title='bbox 130 2694 169 2752; x_wconf 92' lang='lat' dir='ltr'>Et</span> <span class='ocrx_word' id='word_1_213' title='bbox 184 2711 214 2752; x_wconf 88' lang='lat' dir='ltr'>re</span> <span class='ocrx_word' id='word_1_214' title='bbox 230 2709 284 2771; x_wconf 91' lang='lat' dir='ltr'>pro</span> <span class='ocrx_word' id='word_1_215' title='bbox 300 2690 374 2750; x_wconf 74' lang='lat' dir='ltr'>varii</span> <span class='ocrx_word' id='word_1_216' title='bbox 389 2701 456 2747; x_wconf 93' lang='lat' dir='ltr'>tunc</span> <span class='ocrx_word' id='word_1_217' title='bbox 472 2688 548 2762; x_wconf 88' lang='lat' dir='ltr'>spes,</span> <span class='ocrx_word' id='word_1_218' title='bbox 567 2698 673 2757; x_wconf 90' lang='lat' dir='ltr'>metus,</span> <span class='ocrx_word' id='word_1_219' title='bbox 694 2689 751 2758; x_wconf 84' lang='lat' dir='ltr'>ira,</span> <span class='ocrx_word' id='word_1_220' title='bbox 773 2688 862 2749; x_wconf 86' lang='lat' dir='ltr'>iibido</span> <span class='ocrx_word' id='word_1_221' title='bbox 968 2762 971 2767; x_wconf 92' lang='lat'><em>.</em></span> 
     </span>
     <span class='ocr_line' id='line_1_34' title="bbox 129 2760 801 2841; baseline 0.001 -18"><span class='ocrx_word' id='word_1_222' title='bbox 129 2766 262 2841; x_wconf 89' lang='lat' dir='ltr'>Dicitur,</span> <span class='ocrx_word' id='word_1_223' title='bbox 282 2767 440 2841; x_wconf 78' lang='lat' dir='ltr'>uniusque</span> <span class='ocrx_word' id='word_1_224' title='bbox 457 2761 519 2821; x_wconf 92' lang='lat' dir='ltr'>sunt</span> <span class='ocrx_word' id='word_1_225' title='bbox 533 2760 690 2821; x_wconf 84' lang='lat' dir='ltr'>discrimina</span> <span class='ocrx_word' id='word_1_226' title='bbox 704 2764 801 2824; x_wconf 75' lang='lat' dir='ltr'>causa.</span> 
     </span>
    </p>
   </div>
   <div class='ocr_carea' id='block_1_3' title="bbox 80 2914 907 2995">
    <p class='ocr_par' dir='ltr' id='par_1_3' title="bbox 80 2914 907 2995">
     <span class='ocr_line' id='line_1_35' title="bbox 80 2914 907 2995; baseline -0.017 -12"><span class='ocrx_word' id='word_1_227' title='bbox 80 2937 125 2983; x_wconf 59' lang='grc' dir='ltr'>’,ο</span> <span class='ocrx_word' id='word_1_228' title='bbox 168 2918 310 2979; x_wconf 78' lang='lat' dir='ltr'>Hnnnm</span> <span class='ocrx_word' id='word_1_229' title='bbox 329 2914 489 2995; x_wconf 84' lang='lat' dir='ltr'>srquaadam</span> <span class='ocrx_word' id='word_1_230' title='bbox 506 2914 594 2973; x_wconf 87' lang='lat' dir='ltr'>brutis</span> <span class='ocrx_word' id='word_1_231' title='bbox 614 2914 818 2988; x_wconf 86' lang='lat' dir='ltr'>animantibus,</span> <span class='ocrx_word' id='word_1_232' title='bbox 837 2919 907 2981; x_wconf 64' lang='lat' dir='ltr'>imp,</span> 
     </span>
    </p>
   </div>
   <div class='ocr_carea' id='block_1_4' title="bbox 128 2990 820 3149">
    <p class='ocr_par' dir='ltr' id='par_1_4' title="bbox 128 2990 820 3149">
     <span class='ocr_line' id='line_1_36' title="bbox 131 2990 808 3066; baseline 0.001 -14"><span class='ocrx_word' id='word_1_233' title='bbox 131 2994 228 3052; x_wconf 91' lang='lat' dir='ltr'>Unum</span> <span class='ocrx_word' id='word_1_234' title='bbox 244 2995 262 3052; x_wconf 89' lang='lat' dir='ltr'>ii</span> <span class='ocrx_word' id='word_1_235' title='bbox 278 2996 404 3066; x_wconf 86' lang='lat' dir='ltr'>tribuas,</span> <span class='ocrx_word' id='word_1_236' title='bbox 423 3001 546 3053; x_wconf 89' lang='lat' dir='ltr'>mentem</span> <span class='ocrx_word' id='word_1_237' title='bbox 565 2990 672 3066; x_wconf 81' lang='lat' dir='ltr'>largiris</span> <span class='ocrx_word' id='word_1_238' title='bbox 688 2991 808 3054; x_wconf 88' lang='lat' dir='ltr'>eandem</span> 
     </span>
     <span class='ocr_line' id='line_1_37' title="bbox 128 3065 820 3149; baseline -0.007 -15"><span class='ocrx_word' id='word_1_239' title='bbox 128 3070 234 3134; x_wconf 79' lang='lat' dir='ltr'>Naturi</span> <span class='ocrx_word' id='word_1_240' title='bbox 248 3085 284 3149; x_wconf 35' lang='lat' dir='ltr'>ac·</span> <span class='ocrx_word' id='word_1_241' title='bbox 299 3070 435 3139; x_wconf 80' lang='lat' dir='ltr'>nostram,</span> <span class='ocrx_word' id='word_1_242' title='bbox 456 3065 567 3145; x_wconf 83' lang='lat' dir='ltr'>generis</span> <span class='ocrx_word' id='word_1_243' title='bbox 580 3067 648 3129; x_wconf 90' lang='lat' dir='ltr'>iicet</span> <span class='ocrx_word' id='word_1_244' title='bbox 659 3066 820 3143; x_wconf 83' lang='lat' dir='ltr'>inferioris,</span> 
     </span>
    </p>
   </div>
   <div class='ocr_carea' id='block_1_5' title="bbox 106 3332 130 3493">
    <p class='ocr_par' dir='ltr' id='par_1_5' title="bbox 106 3332 130 3493">
     <span class='ocr_line' id='line_1_38' title="bbox 106 3332 130 3493; baseline 0 -7"><span class='ocrx_word' id='word_1_245' title='bbox 106 3332 130 3493; x_wconf 81' lang='lat' dir='ltr'>i</span> 
     </span>
    </p>
   </div>
   <div class='ocr_carea' id='block_1_6' title="bbox 968 3152 1040 3215">
    <p class='ocr_par' dir='ltr' id='par_1_6' title="bbox 968 3152 1040 3215">
     <span class='ocr_line' id='line_1_39' title="bbox 968 3152 1040 3215; baseline 0.028 -2"><span class='ocrx_word' id='word_1_246' title='bbox 968 3152 1040 3215; x_wconf 77' lang='lat' dir='ltr'>-Et</span> 
     </span>
    </p>
   </div>
   <div class='ocr_carea' id='block_1_7' title="bbox 0 0 1078 3502">
    <p class='ocr_par' dir='ltr' id='par_1_7' title="bbox 0 0 1078 3502">
     <span class='ocr_line' id='line_1_40' title="bbox 0 0 1078 3502; baseline 0 0"><span class='ocrx_word' id='word_1_247' title='bbox 0 0 1078 3502; x_wconf 95' lang='lat' dir='ltr'> </span> 
     </span>
    </p>
   </div>
  </div>
 </body>
</html>
